2996 5148
528 356 661 406 urmrrs
684 356 863 408 ouomos1.
1200 348 1261 411 421

110 512 196 572 Ibid.
220 513 259 587 Π,
283 516 312 588 2,
336 516 411 574 101:
449 517 510 574 cito
533 515 655 574 domum
678 518 805 576 transtro
820 519 911 594 atque
933 519 1005 577 hacc
1031 521 1058 578 ei
1081 520 1157 580 beno
1178 541 1261 598 prac-

724 605 870 662 monstm:
894 601 1074 684 praecipc.*)

108 745 168 810 Sic
192 747 281 810 eninr
308 745 367 810 hos
388 750 454 811 tres
482 751 660 831 postremos
689 749 904 814 emendandos
930 754 1098 836 putamus,
1127 754 1261 819 ducibus

105 877 148 919 ex
184 859 281 940 parte
314 857 443 941 optimis
476 857 577 923 libris.
634 858 776 924 Dubium
810 864 859 923 est
891 860 926 925 in
957 861 1051 926 Most.
1075 861 1133 944 IV,
1157 865 1194 946 2,
1220 866 1261 929 70

104 967 314 1050 exemplum,
343 967 397 1031 ubi
424 989 618 1053 quamquam
640 967 768 1034 defendi
793 973 899 1054 potest
917 973 1009 1048 fricta
1030 978 1089 1050 ito,
1123 979 1260 1040 amburet

102 1085 135 1142 ei
156 1085 281 1154 misere,
306 1081 414 1142 tamen
436 1079 636 1162 praestiterit
653 1083 744 1156 fricta
766 1087 820 1158 ila,
844 1083 876 1145 ὁὶ
894 1083 1001 1146 nubere
1022 1073 1159 1148 amburet
1183 1082 1258 1172 [nisi

103 1209 183 1251 cum
199 1186 409 1252 Fleckeiseno
430 1187 618 1272 praetuleris
638 1193 730 1268 fricta
752 1197 796 1255 ito
818 1212 897 1269 esse,
921 1199 951 1255 ei
970 1191 1076 1256 misere
1097 1195 1256 1282 amburet]

200 1296 363 1384 [Ceterum
378 1319 450 1363 cum
465 1306 494 1362 ci
506 1298 644 1363 formam
655 1300 863 1383 spondiacam
874 1300 1102 1367 Lachmaunus
1116 1303 1151 1368 in
1164 1303 1256 1370 Lucr.

99 1432 132 1494 p.
156 1409 227 1475 152
242 1409 284 1474 ad
299 1409 471 1494 pristinam
493 1425 565 1472 Elsl
588 1409 792 1495 scripturam,
813 1433 909 1495 quam
930 1401 1260 1479 identidem’servavit

99 1520 155 1584 lex
176 1519 443 1604 repetundarum,
462 1519 508 1584 ita
519 1523 658 1602 revocat,
676 1519 765 1585 illam
779 1525 815 1586 ut
825 1543 884 1606 pro
897 1529 941 1602 eji
957 1523 1096 1606 accipiat
1112 1523 1144 1588 h.
1158 1545 1184 1588 e.
1199 1546 1257 1608 pro

97 1631 222 1695 dativo
245 1631 285 1694 ad
308 1631 449 1715 genetivi
463 1637 533 1710 ejus
545 1631 789 1698 similitudinem
810 1632 954 1716 proxime
976 1633 1158 1714 accedente,
1183 1657 1256 1699 con-

98 1741 292 1806 cedendum
307 1745 356 1804 est
371 1763 449 1806 sane
464 1762 535 1804 eam
549 1741 591 1807 sin
613 1745 738 1826 partem
759 1763 873 1827 posse
896 1759 968 1806 mm
991 1743 1070 1808 illud
1093 1743 1199 1809 valere
1221 1750 1257 1810 ut

95 1853 142 1916 sit
175 1873 241 1936 pro
269 1857 344 1930 ejei:
378 1850 432 1915 sed
464 1851 688 1916 necessitatem
715 1855 824 1916 tamen
851 1851 926 1916 talis
953 1852 1156 1918 ratiocinatio
1190 1876 1256 1920 non

94 1961 219 2026 habet.
268 1959 381 2024 Altera
403 1961 489 2025 enim
517 1965 645 2044 praesto
667 1965 716 2026 eat
744 1961 968 2047 interpretatio
996 1962 1092 2047 hacc,
1125 1968 1162 2028 ut
1184 1981 1255 2028 mm

93 2075 228 2158 aequet
251 2078 294 2134 ‘rei
310 2070 465 2156 syllabas:
494 2085 543 2134 1131
567 2074 674 2136 autem
695 2093 762 2136 non
784 2073 890 2156 potuit
912 2076 1038 2137 tanturn
1060 2063 1157 2138 scribi
1181 2097 1255 2148 casu

91 2183 216 2264 tertie,
242 2181 299 2244 sed
321 2181 367 2244 ita
388 2184 438 2245 ter
452 2181 607 2266 scriptum
629 2185 678 2246 est
698 2204 811 2267 reapse
826 2183 860 2246 in
875 2183 948 2268 lege
968 2183 1101 2267 Rubria,
1116 2206 1255 2268 prorsus

91 2298 131 2358 ut
147 2290 298 2378 pluralis
313 2291 436 2355 numeri
453 2313 528 2356 casu
544 2295 714 2357 recturus
731 2297 838 2376 et1u1,
862 2293 969 2358 dativo
982 2296 1014 2356 et
1029 2293 1168 2359 ablativo
1186 2313 1253 2361 rsls

91 2405 254 2489 (praeter
275 2423 329 2464 eas
351 2401 470 2466 formas
493 2423 574 2486 quae
596 2407 742 2468 suntmls
758 2440 800 2450 -
815 2405 918 2485 rems).
949 2403 989 2467 In
1004 2402 1054 2468 his
1070 2407 1177 2468 autem
1192 2427 1254 2489 quo

89 2515 304 2602 argumento
319 2512 454 2597 negabis
476 2512 614 2596 primam
629 2519 642 2577 ι’
654 2513 794 2577 litteram
810 2513 987 2598 antiquitus
1002 2513 1101 2579 fuisse
1123 2513 1254 2599 longam

88 2631 126 2690 ut
158 2625 203 2688 in
240 2622 387 2686 centenis
414 2621 485 2686 aliis
512 2623 665 2706 temporis
694 2623 821 2687 demum
844 2623 978 2689 decursu
1001 2625 1041 2688 ad
1062 2625 1253 2690 brevitatem

88 2731 313 2802 attenuatis?
356 2733 410 2797 An
437 2733 501 2798 alia
528 2732 653 2797 ratione
682 2733 806 2818 regitur
835 2749 889 2798 ms
922 2733 1081 2820 scriptura
1108 2736 1253 2800 nomina-

87 2847 151 2912 tivi
182 2841 367 2928 singularis
396 2843 430 2908 in
453 2841 511 2911 SC,
535 2844 573 2908 de
596 2842 878 2909 Bacchanalibus?
909 2844 959 2909 vel
981 2861 1112 2910 emnam
1134 2866 1192 2927 pro
1215 2853 1253 2909 is-

86 2965 163 3022 dem
194 2955 232 3038 (i.
261 2975 288 3017 e.
313 2954 404 3039 idem)
431 2954 669 3040 freqirentatum
696 2954 732 3018 in
759 2954 884 3018 titulis?
920 2954 972 3020 vel
1005 2971 1117 3018 smmi
1145 2955 1251 3019 neutri
1328 3021 1333 3028 ,

85 3064 237 3154 generis
269 3063 304 3126 in
325 3063 397 3148 lege
419 3065 587 3129 Antonia?
630 3063 780 3148 Idemque
813 3064 847 3128 in
882 3071 935 3128 icis
966 3063 1017 3128 rel
1046 3071 1106 3128 ecr's
1139 3063 1251 3128 cadere

85 3181 191 3244 certo
216 3173 302 3238 adeo
324 3173 513 3238 documento
529 3173 586 3242 SC.
603 3174 641 3238 de
656 3174 842 3238 Tiburtibus
864 3177 1002 3238 testatur
1024 3172 1072 3237 bis
1095 3174 1249 3258 scriptum

84 3287 265 3356 exhibens
294 3299 403 3366 murs,
433 3285 516 3370 quod
543 3306 637 3349 nemo
665 3284 761 3349 facile
784 3284 926 3348 ‘anirnum
954 3283 1084 3348 inducet
1111 3288 1148 3348 ut
1175 3292 1252 3366 ejeis

78 3393 349 3481 interpretetur.
387 3392 476 3458 Nihil
499 3395 598 3480 igitur
620 3394 754 3480 impedit
774 3395 943 3478 quominus
966 3394 1006 3458 ab
1029 3395 1251 3481 antiquissima

82 3523 207 3585 forma
232 3521 265 3580 ἐτ’
285 3513 455 3578 transitum
477 3535 546 3578 esse
567 3536 625 3598 per
646 3508 687 3579 Hi
707 3517 740 3578 et
761 3507 821 3578 ciel
840 3513 880 3578 ad
902 3520 942 3577 ier'
964 3515 1008 3598 (h.
1031 3535 1058 3579 e.
1082 3515 1137 3601 ri),
1160 3539 1251 3601 prae-

82 3638 188 3696 terea
221 3627 333 3688 autem
355 3623 395 3688 ab
417 3631 433 3686 c
456 3627 488 3688 et
509 3635 519 3686 ῑ
542 3624 581 3688 ed
604 3627 674 3688 cet
696 3627 723 3707 l,
748 3645 785 3689 eo
808 3623 925 3688 certius
947 3625 1039 3690 nobis
1061 3628 1250 3710 persuadea-

81 3764 312 3780 ,μ

81 3833 236 3894 'Iter-um,
266 3830 295 3884 si
311 3827 341 3883 id
358 3829 494 3892 certmst,
518 3829 545 3882 ei
562 3835 658 3884 custos
677 3827 792 3884 additas
810 3836 840 3884 tu
856 3829 990 3896 perieris.
1023 3828 1173 3897 Argutiore
1191 3843 1249 3881 ron-

81 3923 189 3982 tentia
210 3921 246 3975 0.
266 3918 437 3973 Ribbeckiur
453 3917 543 3972 Musei
560 3918 648 3972 Rben.
666 3920 686 3972 t.
699 3917 751 3972 XII
767 3937 795 3989 p.
814 3924 865 3974 595
881 3918 1008 3984 lterum,
1026 3924 1054 3977 ri
1070 3923 1101 3977 id
1117 3923 1249 3984 certmst,

82 4031 118 4079 tu
138 4022 175 4076 ci
192 4019 299 4073 curtos
317 4012 434 4070 additos
452 4014 494 4070 bie
510 4013 656 4082 perieris]
711 4041 717 4052 ·

162 4111 196 4177 *)
233 4106 332 4176 [atoue
350 4107 438 4162 haece
453 4093 525 4163 ¹be'nc
547 4108 575 4162 ci
591 4112 719 4163 monstra
737 4105 814 4159 utin
833 4105 954 4160 editione
971 4105 1166 4172 scriberemus,
1184 4106 1247 4160 Am-

82 4201 228 4263 brosiani
252 4199 392 4254 memoria
414 4197 561 4265 suadebat,
590 4196 619 4250 in
643 4212 698 4266 quo
720 4198 810 4253 visum
832 4200 874 4254 est
892 4217 1184 4254 rarorsrrsuoasrrr
1204 4217 1248 4253 cx-

83 4305 181 4355 stare.
215 4291 399 4361 Quamquam
417 4289 504 4344 habet
521 4307 587 4344 saue
606 4306 660 4358 quo
673 4292 881 4346 commendetur
899 4289 1081 4360 compositum
1096 4309 1248 4362 praemon·

82 4393 157 4444 stra
176 4377 309 4436 verbum.
341 4375 474 4431 Ceterum
492 4377 525 4433 cf.
537 4375 630 4446 praef.
650 4373 737 4432 Stichi
753 4395 781 4449 p.
799 4377 897 4452 xva]
