2996 5148
383 369 656 418 sarunurrienes
681 369 913 418 nunearoms.
1159 357 1220 420 397

107 521 273 586 adjectivum
295 522 344 586 bis
367 543 441 586 risus
465 523 585 587 Gellius
608 529 706 588 asotia
728 523 944 588 substantivo:
974 521 1068 606 XIX,
1093 525 1123 607 9,
1147 525 1166 587 8
1190 531 1220 588 iu
1249 549 1255 560 ·
1284 565 1295 586 .

106 640 151 694 am
167 640 257 696 asotia
279 643 369 712 atquc
391 639 540 716 nequitiam
577 633 694 696 iterum
717 632 756 716 X,
784 635 832 715 17,
856 633 877 698 3
905 645 948 696 est
976 639 1055 696 enim
1075 655 1218 714 persona,

105 765 168 820 qaae
185 748 239 807 boe
260 749 346 822 opud
366 749 528 808 Laberium
550 749 625 808 dicit
632 793 641 822 ,
667 748 766 807 diuitis
788 751 879 808 arari
899 755 929 807 ct
946 751 1048 824 parci,
1072 756 1221 824 sumptam

104 859 242 929 plurimum
270 861 457 932 asotiamque
483 860 682 918 adulescentis
710 859 770 916 oiri
797 859 994 933 deplorantis.
1045 853 1109 918 Vbi
1137 855 1221 938 qnod

103 961 129 1024 ia
149 962 330 1026 nitidissimo
352 962 648 1047 philologorumqne
669 963 833 1026 desideriis
856 963 1095 1046 exoptatissimo
1118 987 1220 1028 exeru-

104 1069 170 1153 plari
190 1073 322 1162 Martini
343 1073 467 1137 llertaii
491 1074 630 1156 positum
654 1075 703 1135 est
725 1079 929 1154 asoticoapue,
953 1073 985 1136 id
1008 1075 1069 1138 etsi
1093 1075 1219 1138 creden-

102 1180 162 1244 dum
182 1183 238 1246 erit
260 1205 326 1246 nen
354 1185 424 1246 sine
447 1183 536 1246 libris
559 1187 710 1246 novatum
734 1205 818 1265 esse,
848 1187 958 1246 tamen
987 1185 1053 1247 tani
1082 1185 1123 1247 ab
1145 1207 1220 1247 arra-

102 1290 171 1374 logia
192 1296 373 1377 suspectum
395 1299 444 1358 est
465 1297 511 1376 ut,
539 1292 566 1354 si
589 1293 681 1356 medo
703 1293 781 1356 fides
803 1293 893 1356 nulla
915 1293 1118 1376 substantivi,
1142 1294 1221 1358 mul·

101 1403 155 1462 tuin
174 1407 334 1485 praestare
356 1416 531 1482 asotiamque
546 1403 702 1466 videatur.
719 1441 760 1450 -
775 1403 924 1467 Ceterum
939 1403 1120 1488 insequenti
1136 1405 1220 1488 apud

100 1508 228 1575 Plautian
251 1535 343 1576 versu
366 1535 520 1578 eumnee
542 1535 619 1577 unus
641 1511 755 1595 hospes
778 1511 831 1575 ille
855 1513 1029 1577 (temerarii
1052 1513 1128 1598 quid
1157 1514 1218 1578 sibi

100 1621 161 1683 velit
180 1628 347 1707 appareat,
382 1646 441 1686 nec
464 1617 598 1704 perrara
624 1645 685 1706 qno
713 1622 871 1686 reseratur
894 1623 1026 1707 habeat,
1062 1647 1099 1688 ex
1129 1631 1216 1706 milis,

97 1731 164 1812 quod
184 1733 216 1796 in
238 1733 331 1798 libris
346 1737 405 1823 est,
429 1755 493 1796 arno
509 1733 604 1796 verbo
619 1754 784 1796 monemus
808 1755 878 1796 eum
900 1732 1055 1798 Beroaldo
1078 1735 1218 1798 efficiam-

97 1837 158 1902 dum
178 1863 243 1906 esse
266 1849 299 1908 Is
315 1865 447 1924 perraro
468 1851 598 1908 missus
620 1849 742 1907 redimit
764 1849 907 1906 ancillam
929 1839 1063 1923 tiospais.

164 1977 265 2062 Ipsius
282 1980 410 2044 fabulae
425 2002 541 2044 scaena
557 1979 587 2042 ll
611 1987 700 2042 aetus
722 1978 817 2062 primi
840 1978 900 2042 hoc
923 1980 1051 2042 exordio
1073 1985 1131 2062 est,
1156 2004 1218 2064 qno

94 2088 231 2151 currendo
271 2090 445 2153 exanimati
479 2090 561 2152 servi
601 2088 768 2152 festinatio
800 2092 963 2173 tamqnam
1000 2094 1075 2154 ante
1110 2091 1217 2154 beriles

93 2197 220 2273 ponitur:

160 2339 202 2398 Ex
225 2343 351 2400 summis
374 2342 482 2416 apibus
505 2343 680 2419 utribusque
698 2334 798 2419 ‘usque
822 2343 969 2416 experire:
998 2347 1109 2418 nitere,

161 2423 235 2484 Erus
257 2429 296 2485 iat
317 2428 414 2486 miuor
437 2431 527 2502 opera
550 2433 603 2486 tua'
625 2431 769 2487 servetur.
804 2429 941 2503 agedum,
965 2427 1130 2500 Acanthie,
1186 2459 1190 2467 ‚

158 2509 256 2588 Abige
280 2511 334 2570 abs
358 2515 387 2569 te
408 2513 631 2572 lassitudinem:
656 2533 726 2573 cave
748 2515 941 2587 praevortere
963 2515 1115 2590 pigritiae.

160 2593 254 2653 Simul
279 2599 380 2654 autem
399 2602 576 2669 planissume
591 2615 648 2668 eos,
673 2599 725 2672 qui
741 2597 900 2657 adversum
916 2600 998 2666 eunt,
1023 2599 1172 2674 aspellito,

90 2676 126 2728 tu
160 2677 310 2753 Detrude,
334 2681 461 2739 deturba
483 2686 514 2740 ln
537 2683 625 2742 viam.
649 2682 721 2740 haee
743 2681 791 2740 hie
814 2679 1007 2759 disciplina*)
1030 2687 1214 2757 pessumast:

159 2761 313 2836 Curre-nti,
337 2768 511 2840 properanti
535 2767 593 2825 hau
617 2767 777 2842 quisquam
800 2767 929 2843 dignum
951 2767 1042 2826 habet
1065 2769 1215 2826 decedere.
1235 2781 1251 2827 v

157 2841 210 2906 'lta
233 2853 299 2908 tres
319 2870 367 2909 res
390 2852 492 2912 simitu
516 2851 648 2928 agendae
671 2855 758 2925 siant,
788 2851 909 2928 quando
939 2871 1029 2912 unam
1052 2854 1214 2926 occeperis:

155 2925 203 2990 'nt
226 2936 438 2996 currendumst
460 2939 490 2994 bt
511 2937 710 3014 pugnandum
725 2939 755 2995 ot
770 2937 962 3014 iurigandum
979 2940 1079 2995 autem
1101 2940 1133 2994 ln
1156 2938 1214 2996 via.
1276 2989 1279 3000 .

155 3062 192 3126 ln
227 3065 280 3128 his
314 3067 457 3130 versibus
489 3067 622 3151 longum
657 3069 705 3130 est
736 3067 895 3151 explicare
930 3088 985 3130 cur
1013 3079 1216 3146 praevortere

83 3177 214 3246 prioritiae
243 3177 466 3260 scripserimus
494 3199 553 3262 pre
580 3183 728 3257 piaritiac
758 3184 966 3257 praeverteris
994 3176 1043 3240 vel
1070 3198 1214 3256 proauor-

83 3286 142 3345 a'er:
176 3287 380 3350 trochaicum
412 3287 581 3351 fecerimus
614 3287 864 3371 paenultimam,
899 3285 952 3370 qui
981 3287 1137 3352 iambicus
1167 3292 1217 3352 est
1250 3347 1255 3356 .

85 3390 166 3476 tulga
193 3394 256 3460 hoe
280 3396 375 3459 initio
398 3402 448 3461 Ita
470 3401 532 3461 tre's
552 3404 653 3461 similo
676 3401 740 3460 re's:
778 3396 824 3460 sie
847 3399 893 3460 nti
916 3419 941 3459 s.
966 3420 991 3461 s.
1016 3421 1042 3462 e.
1067 3399 1213 3462 ultimum

82 3499 321 3589 exhibuerimus,
345 3507 380 3570 in
402 3529 464 3590 quo
486 3506 624 3591 pristina
646 3513 841 3585 iuripaadum
864 3507 967 3572 forma
982 3507 1093 3574 Veteri
1116 3510 1214 3574 eodiei

80 3608 273 3702 debetur**):
308 3615 532 3700 interpositum
561 3617 697 3702 deniqne
726 3617 760 3680 in
786 3617 876 3681 libris
909 3619 995 3682 inter
1027 3621 1157 3684 tertium
1184 3622 1217 3682 et

82 3747 274 3765 Q*—

134 3819 157 3886 *I
187 3819 252 3890 [Vel
271 3823 446 3890 discipulina
463 3822 556 3891 potius
575 3823 606 3874 ut
624 3820 744 3874 videtur:
764 3821 855 3888 quode
873 3820 936 3878 vide
955 3821 1212 3878 Fleckeisenum

78 3905 255 3977 disputantem
274 3914 306 3966 in
325 3912 466 3968 ‘Miscellia
485 3913 600 3968 unitim&
620 3917 783 3981 (ann018dl
802 3915 876 3968 edile
895 3915 1034 3971 amicitiae
1053 3931 1166 3970 moriere
1185 3919 1214 3970 et

77 3999 274 4070 elegantissimo
296 4008 326 4060 et
343 4007 614 4074 benevolentissime)
632 4025 659 4076 p.
674 4013 706 4060 33
720 4025 760 4074 eq.
779 4037 811 4045 —
831 4007 960 4062 Ceteram
980 4012 1011 4064 Λ.
1025 4009 1212 4079 Spengelio

76 4109 120 4147 non
137 4100 223 4155 miror
242 4100 458 4155 collocationem
476 4102 625 4154 verborum
642 4103 714 4157 baec
731 4102 884 4170 dirciplina
903 4103 949 4158 dic
966 4101 1103 4170 placuisse
1122 4103 1212 4155 Philo·

76 4189 123 4256 lagi
139 4194 157 4246 t.
176 4193 271 4248 XXIII
291 4213 320 4262 p.
334 4196 402 4262 bia]

134 4288 172 4354 “I
192 4289 320 4359 [Horum
333 4287 454 4342 rationes
465 4289 629 4344 iudiciorum
646 4291 726 4345 video
745 4307 795 4344 nec
808 4287 1069 4369 Studeruundum
1087 4289 1137 4346 ‘de
1150 4309 1211 4347 ean·

75 4373 139 4431 lieis’
166 4398 194 4450 p,
216 4387 250 4436 76
276 4397 313 4434 ae
335 4397 369 4433 ne
393 4381 637 4436 Buechelernm
661 4383 774 4452 quidem
796 4377 882 4439 blaudi
900 4381 987 4436 Ithen.
1007 4384 1027 4436 t.
1047 4383 1097 4438 XV
1115 4404 1141 4456 p.
1161 4392 1211 4442 442
