3002 5146
281 401 344 466 234
613 418 835 469 anossaruva
856 416 1068 465 snavmuva.

281 572 451 637 lirubensis
472 573 535 638 223
556 573 689 637 membr.
713 593 794 636 saec.
810 571 868 655 IX,
885 571 1060 655 posteriore
1075 569 1318 634 Darmsladinus
1330 569 1401 634 2190
1489 571 1490 576 ’

280 682 356 746 olim
379 681 577 748 Coloniensis
610 682 743 746 membr.
767 703 850 746 saec.
875 681 931 745 XI.
959 680 1084 744 Horum
1106 701 1164 744 nos
1188 681 1327 744 codicum
1346 680 1401 763 ple-

280 792 445 855 nissimam
466 792 614 857 notitiam
637 794 758 857 amicae
779 791 1021 856 benevolentiae
1033 791 1167 855 Martini
1181 789 1304 854 Hertzii
1324 789 1401 853 debe-

281 924 368 985 mus,
401 905 434 966 ei
455 901 748 966 Halbersladiensis
780 902 907 986 quidem
940 899 1025 964 haud
1057 901 1165 985 paullo
1188 900 1403 966 accuratiorem

246 1015 252 1024 '
281 1035 377 1097 quam
408 1034 489 1096 quae
518 1013 569 1076 vel
601 1013 767 1076 nobiscum
795 1011 1030 1076 communicabo
1052 1014 1122 1075 erat
1143 1010 1185 1074 ab
1207 1009 1404 1094 Herlabergio

181 1159 183 1162 -
284 1123 327 1206 (v.
352 1121 434 1186 Mus.
457 1121 562 1186 Rhen.
586 1144 659 1187 nov.
683 1122 699 1186 I
720 1145 752 1206 p.
775 1121 839 1187 315
860 1121 923 1206 sq.)
956 1121 1007 1184 vel
1039 1121 1204 1204 pubIIcala
1236 1121 1278 1185 ab
1310 1119 1405 1185 eodem

224 1239 263 1290 ln
281 1231 315 1296 in
340 1231 447 1296 Iahnii
474 1232 594 1296 Annal.
628 1232 795 1317 philolai
828 1231 920 1315 paed.
948 1230 1059 1314 Suppl.
1088 1234 1112 1295 l.
1141 1231 1205 1296 VH
1226 1253 1259 1315 p.
1286 1230 1346 1295 275
1364 1251 1404 1312 sq.

279 1341 332 1406 En
364 1342 465 1427 igilur
496 1343 600 1426 ipsum
632 1342 822 1426 glossarium
854 1363 874 1404 a
906 1341 999 1405 nobis
1020 1343 1240 1422 emendalum,
1275 1341 1406 1404 subiecta

282 1452 425 1517 codicum
458 1451 683 1536 discrepantia,
718 1473 851 1536 quorum
873 1451 1167 1515 Halbersladiensis
1195 1450 1289 1515 nobis
1311 1453 1356 1513 esl
1376 1455 1407 1530 A,

280 1563 525 1627 Darmsladinus
559 1570 601 1646 B,
640 1561 893 1627 Caroliruhensis
928 1567 960 1625 C.
1007 1559 1062 1648 [El
1094 1560 1130 1625 in
1157 1559 1270 1624 horum
1294 1559 1408 1644 quidem

281 1673 378 1738 briam
401 1673 543 1737 codicum
566 1673 725 1755 scriptura
747 1671 908 1736 afferenda
929 1693 1017 1735 nunc
1038 1671 1179 1754 pressius
1195 1670 1298 1735 secuti
1313 1691 1409 1734 sumas

280 1782 381 1866 ipsius
403 1781 529 1846 Herlaii
561 1783 595 1846 in
618 1781 776 1846 Prisciani
809 1782 858 1845 sui
891 1780 954 1844 vol.
983 1779 1016 1844 Π
1037 1803 1069 1864 p.
1092 1779 1134 1844 58
1157 1803 1203 1864 sq.
1225 1780 1408 1864 exemplum.

280 1891 400 1957 Eodem
433 1895 539 1957 aulam
574 1893 702 1956 auclore
735 1891 911 1954 addidimus
944 1890 1019 1954 libri
1047 1889 1212 1955 cuiusdam
1234 1889 1411 1954 Heidelber-

280 2003 389 2088 gensis
424 2005 471 2088 (a)
492 2001 693 2085 leslimonia,
729 2023 822 2085 quem
850 2024 869 2064 a
890 2001 1112 2064 Lindemanno
1133 2000 1210 2064 olim
1231 2003 1409 2078 tractatum,

280 2112 401 2176 frustra
417 2113 483 2176 iam
494 2113 535 2176 ab
547 2111 680 2176 Herlzio
697 2112 813 2196 (praef.
826 2133 857 2194 p.
870 2111 931 2175 XX
947 2133 994 2194 sq.
1008 2110 1080 2174 adn.
1097 2109 1153 2193 88)
1166 2111 1358 2193 quaesitum,
1378 2131 1412 2172 ne

281 2243 342 2306 ego
362 2221 490 2307 quidem
512 2226 569 2287 aul
590 2223 683 2287 amici
706 2222 755 2286 vel
770 2219 1004 2306 Heidelbergae
1026 2220 1076 2284 vel
1091 2219 1168 2283 alibi
1183 2219 1411 2304 indagavimus.

281 2333 452 2398 Praeberea
479 2333 611 2417 quintas
634 2333 770 2398 accessit
792 2331 890 2396 codex
913 2331 1027 2416 aliquis
1050 2329 1278 2414 Scaligeranus
1304 2333 1368 2412 (ill,
1399 2352 1413 2392 e

280 2465 343 2528 quo
365 2444 475 2510 eadem
497 2443 657 2527 exscripta
679 2442 805 2526 repperi
827 2442 862 2505 in
885 2440 1002 2506 scheda
1024 2441 1137 2503 ultima
1153 2439 1293 2522 exempli
1309 2437 1413 2504 Basili·
1440 2417 1444 2430 ⁸

281 2553 367 2617 ensis
388 2552 587 2637 Hervagiani
620 2575 649 2616 a.
676 2552 756 2617 1558
786 2551 869 2636 quod
900 2551 1096 2615 bibliolheca
1117 2549 1286 2613 Leidensis
1315 2551 1414 2613 sarrai

283 2663 447 2748 signalum
469 2662 559 2726 XIII.
583 2661 621 2727 Ο.
644 2661 716 2739 244,
743 2665 1023 2726 commemoratum
1044 2660 1109 2724 iarn
1131 2658 1259 2742 Prolsg.
1286 2683 1319 2744 p.
1337 2657 1414 2738 LIV,

280 2773 331 2838 his
354 2771 481 2857 quidem
504 2772 608 2836 verbis
636 2771 836 2856 praemissis:
881 2777 1048 2852 Aduerbio,
1084 2791 1163 2849 qaae
1185 2777 1217 2833 ia
1241 2773 1354 2834 Plauto
1374 2789 1414 2832 re-

274 2891 450 2966 pariantur,
473 2893 578 2948 notata
600 2902 620 2944 a
642 2889 736 2946 aalma·
757 2882 894 2966 Critiae]

365 3093 532 3167 Paulisper.
556 3092 710 3166 tantisper.
755 3090 794 3148 Ia
821 3089 1005 3148 asinaria.
1029 3087 1188 3146 blanditer.
1247 3088 1287 3146 ln
1316 3089 1417 3147 aala-

281 3205 416 3262 laria..
433 3201 574 3261 danicam
597 3216 658 3276 pro
685 3200 789 3259 donec.
814 3215 941 3258 caenam
966 3214 1025 3272 pro
1047 3189 1117 3256 don.
1140 3197 1341 3258 alioaarsam.
1384 3197 1417 3256 la

281 3311 542 3372 bacchidibus.
571 3325 698 3370 noenum
723 3324 785 3384 pro
812 3323 883 3366 aaa.
934 3307 972 3366 ln
1000 3308 1179 3380 captiuis.
1204 3307 1359 3366 donicum.
1381 3308 1417 3364 ci·

281 3421 402 3479 tissime.
439 3426 697 3492 alroqaeaorsam.
754 3418 792 3477 Ia
829 3418 972 3476 casina.
1006 3415 1156 3488 efflictim.
1185 3417 1418 3490 aliqaoaoraaa.

284 3535 484 3545 ——-.-——-·

354 3601 532 3656 lassiaarr'a
549 3597 594 3651 Bc
663 3601 777 3657 aalaria
800 3595 844 3650 Bo
913 3599 1059 3652 saaraim
1075 3595 1100 3646 D
1170 3597 1359 3654 aliovorsum.
1387 3595 1419 3653 Ia

283 3693 313 3746 E.
328 3694 385 3750 alio
404 3707 528 3748 dorsum.
548 3689 648 3746 lasa.
670 3694 825 3749 aliaersum
844 3689 923 3746 laD.
944 3691 1006 3745 Alio
1024 3705 1139 3745 uersum
1158 3687 1222 3744 inB
1295 3691 1418 3747 aborbi-

284 3788 367 3843 dibas
385 3781 455 3838 ABG
535 3785 578 3839 No
596 3783 711 3841 caimD
779 3789 932 3851 4alrooaa
951 3798 1068 3838 norsum
1085 3779 1180 3834 ABGD
1261 3781 1419 3853 cassiaaB

368 3879 506 3948 esfliclam
525 3874 553 3930 C.
573 3877 712 3945 afflictam
730 3877 761 3929 B.
781 3877 917 3944 Afflialim
939 3874 962 3928 Ε
1047 3874 1240 3930 alicoaorsam
1266 3873 1300 3927 Ε.
1330 3858 1420 3942 aliqrro

282 4045 356 4116 signi
373 4044 564 4100 assumento
582 4043 752 4098 Bacchidem
768 4042 878 4097 initium
895 4042 977 4097 hodie
996 4041 1171 4110 deperditum
1189 4041 1420 4110 locupletavimus

282 4137 371 4193 Musei
389 4138 442 4192 Rh.
461 4137 525 4192 novi
542 4139 562 4194 l.
579 4138 591 4190 Ι
607 4155 634 4206 p.
645 4142 702 4202 316,
719 4135 845 4206 plerique
864 4135 972 4190 codices
988 4135 1054 4203 posl
1069 4132 1171 4188 librum
1183 4133 1221 4186 XI
1233 4135 1420 4204 perscriptam

283 4231 400 4296 babenb,
418 4232 484 4300 posi
500 4231 563 4284 XVI
582 4229 676 4284 aulem
696 4227 908 4282 Darmsladinus
931 4229 960 4282 al
976 4241 1048 4280 nono
1067 4225 1177 4280 saeculo
1195 4225 1318 4296 scriptus
1341 4227 1419 4280 Bam-
1489 4233 1490 4274 l

283 4323 441 4390 bergensis,
469 4322 503 4376 do
525 4339 580 4390 qao
603 4338 691 4390 nuper
713 4319 830 4373 diximus
852 4319 977 4374 eiusdem
998 4316 1087 4372 Musei
1104 4320 1124 4372 b.
1142 4317 1181 4371 IV
1197 4335 1225 4386 p.
1244 4324 1306 4372 579.
1343 4317 1422 4387 [Vide

284 4413 354 4472 Dias.
373 4413 411 4470 Vl
428 4413 508 4470 huius
526 4411 671 4470 voluminis
689 4412 803 4482 eiusque
822 4411 1024 4486 dissertationis
1042 4409 1245 4480 appendicem]
