2996 5148
470 374 603 423 nimis
625 357 803 424 cnonio'si.
1145 361 1208 426 407

87 534 168 592 scaete
191 533 373 605 amantibus.
418 527 565 612 Apparet
593 529 651 591 aut
671 533 755 592 coire
776 530 833 592 aut
860 535 1061 594 convenires
1090 529 1208 614 glosse-

87 642 154 702 mate
172 642 284 702 ortum.
312 637 358 702 Et
378 644 461 703 coire
483 637 610 722 quidem
632 637 763 702 omnino
784 659 898 722 parum
919 639 1072 704 usitatum
1094 639 1209 705 Plauto

85 749 252 813 vocabulum
280 751 346 812 est:
384 749 424 812 ad
452 747 596 812 Plautini
633 751 740 812 autem
776 749 931 814 sermonis
968 749 1209 814 simfliudinem

85 858 178 922 horum
198 863 362 924 auctorem
383 861 647 944 argumentorum
665 857 773 924 dedita
788 879 885 943 opera
899 880 968 924 sese
982 859 1207 944 composuisse,

84 968 108 1032 id
127 977 202 1034 certe
225 973 317 1036 extra
339 970 590 1034 contmversiam
610 969 749 1052 positum
771 972 829 1034 est.
875 968 978 1035 Semel
1005 973 1132 1034 tantum
1154 969 1209 1034 ille

84 1082 230 1164 usurpavit
252 1079 390 1144 Mostell.
414 1080 440 1162 I,
464 1081 496 1162 4,
523 1079 577 1143 14:

236 1224 309 1280 ctae
330 1222 431 1292 modo,
454 1224 493 1279 nt
515 1221 598 1296 prius
621 1225 653 1279 ln
674 1221 724 1280 via
749 1221 915 1296 accumbas,

236 1327 328 1383 quam
350 1307 405 1378 ffli,
428 1306 482 1364 ubi
503 1306 598 1366 lectus
621 1308 811 1380 essecutus,
834 1325 889 1366 nos
912 1309 1039 1367 coimus:

81 1437 114 1499 ci.
134 1437 309 1502 Hermanni
331 1436 502 1508 Elementa
522 1459 554 1521 p.
577 1437 654 1502 213:
677 1458 753 1501 nam
775 1435 862 1500 Men.
886 1436 926 1519 V,
951 1437 981 1520 9,
1004 1437 1062 1501 46:

130 1579 263 1653 ptssum:
287 1579 339 1639 scd
361 1597 441 1637 nnnc
463 1577 544 1655 agite
566 1581 693 1654 uterque
715 1578 756 1651 id,
781 1577 861 1654 quod
883 1579 1008 1656 rogab0,
1032 1579 1123 1638 dicite

78 1709 147 1792 quod
167 1711 317 1796 vulgatur
337 1718 415 1775 coitc
438 1731 495 1793 pro
517 1715 610 1792 acite,
633 1709 667 1773 id
689 1731 706 1774 e
728 1708 795 1773 solo
810 1707 928 1773 Vetere
952 1709 1058 1774 codice
1079 1708 1207 1774 Gruteri

77 1841 157 1884 suasu
183 1824 349 1905 receptum
377 1824 426 1884 est
453 1842 490 1884 eo
512 1819 708 1904 perversius,
738 1819 821 1903 quod
849 1841 869 1882 a
895 1819 1000 1902 prima
1025 1841 1123 1884 manu
1144 1819 1208 1884 fuit
1235 1851 1239 1860 v

76 1939 172 2014 coque,
206 1935 321 1996 natum
354 1929 433 1995 illud
466 1953 483 1994 e
516 1931 661 2014 proximo
692 1951 793 1994 nunc.
839 1929 975 1994 Accedit
1001 1929 1084 2013 quod
1105 1929 1207 2014 ipsius

78 2039 176 2106 Militis
198 2041 241 2126 Il,
270 2045 298 2125 1,
323 2042 363 2105 61
386 2041 506 2125 legitur

221 2184 277 2261 qni
300 2183 428 2242 amtntis
451 2201 511 2240 una
532 2182 613 2240 inter
634 2201 665 2240 so
687 2181 815 2239 facerem
838 2181 1036 2240 ctnvonas.

72 2313 168 2398 ltaque
194 2315 222 2378 si
251 2319 336 2379 coire
364 2311 470 2396 potius
493 2333 589 2396 quam
610 2318 771 2376 convenire
791 2310 968 2376 insiticium
990 2312 1043 2394 sit,
1074 2312 1207 2377 circum·

71 2425 259 2507 spiciendum
282 2422 402 2507 aliquid
423 2444 485 2507 quo
506 2422 602 2486 unius
617 2421 759 2504 syllabae
781 2421 898 2487 lacuna
919 2422 1094 2505 expleatur.
1124 2421 1206 2488 Con·

69 2534 200 2600 iunctum
223 2538 335 2599 antem
356 2531 417 2596 hoc
440 2553 508 2597 esse
530 2553 602 2596 cum
628 2553 737 2596 eorum
758 2531 812 2616 qui
840 2533 1036 2596 antecedunt
1057 2553 1206 2598 versuum

70 2645 237 2730 corruptela
259 2645 309 2711 ita
320 2644 455 2726 videtur,
478 2646 515 2707 ut
535 2643 711 2708 eommunis
726 2643 985 2707 membranarum
1006 2642 1095 2708 labes
1110 2664 1204 2728 quae·

69 2754 130 2819 dem
150 2758 190 2822 ad
211 2777 315 2820 unam
331 2754 526 2839 eandemque
548 2757 674 2838 partem
695 2753 793 2818 trium
807 2775 956 2818 versuum
979 2753 1204 2818 continuorum

68 2867 256 2950 pertinuerit,
281 2867 316 2930 h.
340 2887 368 2929 e.
392 2865 434 2930 ad
455 2865 576 2930 medios
597 2863 666 2928 fere
687 2883 812 2927 versus:

214 3027 309 3068 suum
331 3005 495 3066 arcessit-
517 3043 536 3062 υ
556 3031 574 3063 a
594 3003 722 3064 Athenis
746 3005 776 3062 et
798 3004 880 3062 forat

214 3093 349 3171 geminis
372 3109 558 3150 communem
579 3115 597 3146 a
616 3127 634 3146 c
654 3089 801 3164 parietem
824 3088 961 3160 aedibus,

214 3179 324 3238 liceret
345 3179 380 3235 ut
400 3213 417 3232 υ
434 3175 591 3235 οόιινθηίῐθ
614 3174 797 3234 amantibus.

63 3306 173 3374 Horum
208 3309 303 3374 enim
334 3306 437 3390 primo
470 3305 525 3390 qui
557 3304 640 3369 nihil
671 3305 840 3388 peccatum
862 3323 898 3368 oo
920 3299 1000 3384 loco,
1028 3323 1091 3387 quo
1112 3319 1235 3369 nuncv

62 3423 154 3485 terum
176 3420 315 3505 legitur,
339 3417 551 3500 crediderunt,
575 3437 641 3480 non
664 3416 838 3498 potuerunt
858 3413 937 3498 quin
952 3417 1009 3477 aut
1029 3414 1203 3498 pessimum

62 3529 90 3591 in
108 3530 219 3594 intima
243 3527 372 3612 syllaba
398 3534 524 3592 arcessit
553 3525 643 3590 verbi
665 3527 835 3589 accentum
856 3523 1033 3590 tolerarent
1054 3527 1087 3589 et
1109 3524 1204 3589 simul

61 3640 122 3706 aliis
135 3713 139 3732 Ι
152 3638 321 3707 machinis
354 3640 521 3702 uterentur
553 3639 604 3700 sat
639 3633 924 3720 improbabilibus:
963 3657 1026 3719 quo
1062 3635 1203 3720 pertinet

62 3752 289 3838 Scioppianum
313 3751 528 3813 commentum

240 3910 335 3952 suum
357 3891 479 3950 arcessit
500 3855 605 3947 herum
627 3885 757 3947 Athenis
780 3887 872 3962 atque
895 3887 1017 3960 toforat,

59 4044 190 4110 proquo
213 4035 315 4102 atquc
337 4026 406 4084 iude
427 4027 545 4099 offocat
564 4016 718 4102 Pylades,
752 4029 843 4097 utque
859 4021 1005 4099 perforat
1026 4013 1201 4078 Lambinus

59 4134 168 4215 posuit:
199 4137 261 4198 aut
285 4129 491 4193 suavissimos
513 4127 620 4192 hercle
642 4127 749 4193 hiatus
773 4128 984 4208 cumularent,
1007 4128 1043 4188 ut
1064 4123 1201 4188 Paenul-

60 4246 153 4330 tiinus,
176 4244 235 4329 qui
259 4240 316 4305 his
339 4239 497 4304 auriculas
519 4237 685 4302 blanditiis
708 4237 870 4303 demulsit:

238 4400 335 4444 snum
356 4381 478 4442 arcessit
499 4381 603 4440 herum
624 4379 753 4440 Athenis
779 4382 871 4456 ttque
894 4377 1030 4438 onorat..
