3002 5150
291 377 355 447 666
613 391 788 442 66666666
812 391 882 442 vou
904 353 1105 443 narraras.

293 553 420 616 exstent
446 549 481 614 in
510 548 687 615 codicibus:
720 547 878 613 editorum
905 547 1033 632 quidem
1060 548 1231 616 sedulitate
1252 572 1314 616 non
1334 551 1413 616 modo

293 661 499 727 coniunctum
521 663 571 726 est
592 681 694 746 genus
717 663 897 743 utrumque,
921 659 975 724 sed
995 659 1126 744 plurimi
1149 661 1247 726 ctiam
1267 665 1413 746 praeterea

291 793 400 838 versus
423 771 540 838 adiecti
561 771 775 836 recentiorum
797 769 981 854 hominum3
1010 770 1042 834 id
1070 771 1154 856 quod
1177 794 1250 837 cum
1275 771 1414 857 exempla·

291 883 374 948 rium
395 882 624 948 nonnullorum
645 881 856 965 inscriptione
883 881 1102 967 significatur,
1131 885 1202 948 tum
1231 884 1416 950 confirmatur

290 993 317 1058 l.
346 993 387 1058 A.
417 992 557 1059 Fabricii
585 992 702 1060 iudicio
736 991 862 1075 prodito
891 989 1112 1058 Bibliothecae
1140 993 1199 1060 lat.
1229 1018 1262 1080 p.
1288 995 1348 1060 478
1375 993 1415 1060 cd.

291 1104 370 1170 Era.
415 1103 486 1180 Qua
511 1104 547 1169 16
573 1125 608 1170 re
636 1102 721 1168 haud
743 1102 912 1169 mediocris
934 1103 1070 1168 dolenda
1092 1109 1143 1170 est
1163 1106 1302 1189 incuria,
1323 1127 1418 1192 quam·

292 1215 339 1280 vis
365 1215 501 1302 indigna
527 1214 650 1297 critico,
676 1217 786 1279 tamen
810 1215 966 1278 maiorum
986 1217 1091 1280 aetate
1110 1217 1242 1301 propria
1261 1216 1419 1302 philologo·

291 1349 377 1393 rum:
401 1326 454 1411 qui
478 1325 505 1391 si
520 1323 694 1410 diligenter
708 1325 928 1410 adnotasseut,
951 1325 1028 1410 quid
1046 1326 1203 1412 scriptum
1224 1328 1418 1410 invenissent,

292 1438 369 1523 quid
391 1438 503 1523 suopte
525 1435 684 1502 arbitratu
711 1435 923 1520 addidissent,
954 1436 1071 1502 certius
1094 1438 1132 1502 de
1156 1459 1191 1503 re
1213 1459 1334 1524 666666
1353 1438 1420 1502 iudi·

293 1570 366 1614 aare
388 1569 556 1633 possemus
574 1568 670 1633 6666
685 1569 772 1612 nunc
793 1545 880 1612 lieet.
924 1546 1039 1632 Itaque
1060 1547 1189 1613 illarum
1211 1550 1317 1615 fontes
1337 1549 1421 1614 inter·

292 1659 492 1746 polationum
519 1681 585 1724 666
613 1658 762 1724 videntur
790 1657 920 1742 penitus
948 1657 1097 1743 indagari
1119 1681 1224 1744 posse,
1248 1660 1311 1724 nisi
1332 1681 1421 1725 erem·

292 1771 430 1856 plarium
451 1773 503 1834 sat
523 1791 676 1855 magnam
697 1768 938 1834 multitudinem
963 1767 1172 1855 inpromptu
1194 1771 1323 1836 habeas.
1364 1769 1422 1846 Qua

293 1883 354 1948 etsi
370 1903 462 1946 careo
478 1881 634 1965 equidem,
657 1883 768 1944 tamen
783 1879 923 1944 studiose
944 1880 1121 1965 inquirenti
1136 1880 1217 1946 mihi
1238 1882 1306 1947 fors
1320 1881 1423 1947 obtulit

293 1991 433 2056 subsidia
456 1992 611 2076 quaedam
633 1967 719 2056 haud
741 1991 931 2076 spernenda.
976 1989 1107 2056 Etenim
1125 1992 1166 2055 ab
1189 1991 1328 2057 editione
1348 1991 1422 2076 priu-

294 2103 364 2186 cipe
392 2099 549 2168 Desiderii
578 2101 705 2167 Erasini
733 2101 955 2184 Roterodami,
983 2123 1066 2186 6666
1092 2101 1214 2186 prodiit
1242 2125 1328 2168 anno
1354 2101 1423 2167 1516

293 2212 520 2297 Argentorati,
549 2235 615 2278 non
642 2212 736 2278 modo
762 2212 818 2276 ille
838 2233 950 2276 versus
972 2211 1079 2296 abest,
1103 2233 1198 2296 quem
1220 2217 1351 2298 propter
1369 2233 1423 2276 scr-

243 2335 275 2386 16
292 2321 396 2387 66616
418 2322 654 2388 deformitatem
683 2323 874 2409 explosimus
902 2343 1014 2407 supra:
1044 2327 1177 2389 Alterius
1199 2329 1342 2389 damnum
1359 2345 1423 2402 666

293 2439 374 2499 dium
396 2438 599 2513 taudsccr'as
614 2445 704 2512 taam,
728 2434 897 2498 sedetiam
918 2433 1058 2518 insignis
1080 2433 1134 2498 ille
1156 2433 1341 2500 insulsitate
1361 2453 1423 2498 sua:

294 2549 388 2621 Quam
410 2551 507 2609 mulus
528 2555 586 2624 est,
616 2549 737 2625 661666
765 2552 819 2624 qui
837 2565 923 2610 suam
945 2550 1069 2610 allerias
1086 2547 1177 2622 [6611
1222 2545 1331 2630 Atque
1350 2543 1423 2607 huuc
1493 2531 1494 2534 ¹

293 2655 428 2720 eundem
450 2654 510 2720 etsi
532 2653 687 2740 Iosephus
708 2677 832 2740 quoquc
855 2653 999 2739 Scaliger
1020 2655 1152 2720 seclusit
1174 2678 1193 2719 a
1216 2655 1291 2740 Syri
1312 2657 1424 2720 666166·

292 2765 357 2850 1116,
380 2787 459 2850 quas
482 2764 600 2830 adiecit
614 2762 760 2850 Dionysii
776 2763 909 2831 Catonis
932 2764 1077 2829 distichis
1099 2765 1138 2830 de
1161 2765 1306 2832 moribus
1323 2785 1424 2852 graece

292 2900 311 2942 6
334 2899 368 2942 66
390 2876 522 2941 redditis
544 2879 639 2960 atque
661 2875 756 2941 editis
778 2873 928 2960 Lugduni
943 2874 1138 2940 Batavorum
1160 2877 1304 2952 61626,
1329 2881 1424 2942 tamen

225 3073 230 3082 Ι
291 2988 327 3051 16
349 2987 489 3052 eiusdem
504 2985 677 3051 editionem
699 2986 764 3050 iam
784 2985 915 3070 irrepsit
928 2985 1010 3050 alter
1032 2985 1086 3050 illa
1107 2985 1162 3071 qui
1179 2987 1274 3052 abest
1288 2987 1329 3052 ab
1343 2985 1425 3051 Eras-

292 3097 410 3163 miana.
460 3095 521 3162 Sed
548 3118 612 3162 uno
639 3101 713 3181 post
740 3096 883 3180 saeculo,
911 3097 967 3161 ubi
997 3096 1075 3161 satis
1100 3097 1262 3163 saevierat
1284 3097 1426 3163 editorum

291 3208 411 3291 lubido,
429 3210 556 3275 exortus
572 3210 622 3272 est
635 3207 793 3273 Ricardus
808 3206 984 3290 Bentleius‚
1001 3207 1055 3290 qui
1070 3207 1223 3272 Terentio
1239 3229 1299 3274 suc
1313 3209 1427 3293 praeter

293 3317 432 3384 Phaedri
453 3317 579 3382 fabulas
602 3341 655 3383 eas
678 3317 815 3384 subiecit
830 3318 901 3403 Syri
923 3318 1111 3401 sententias,
1134 3339 1215 3402 quas
1238 3318 1275 3382 in
1290 3321 1428 3403 quattuor

294 3428 456 3492 codicibus
472 3429 794 3513 Cantabrigiensibus
809 3429 978 3501 invenerat
992 3449 1118 3512 unoque
1133 3427 1288 3494 Leidensi
1303 3425 1427 3494 inveniri

294 3541 502 3623 compererat.
540 3537 641 3614 Quem
663 3538 780 3604 librum
794 3539 849 3604 ubi
864 3541 978 3604 nactus
993 3559 1090 3623 cram,
1114 3538 1247 3624 gavisus
1270 3561 1341 3604 sum
1355 3535 1428 3602 haud
1491 3563 1492 3572 ¹

294 3647 513 3734 mediocriter,
542 3650 626 3735 quod
648 3653 776 3734 praeter'
796 3649 874 3714 duos
895 3649 967 3714 illos
989 3649 1163 3714 versiculos
1185 3649 1289 3716 etiam
1311 3649 1429 3714 tertium

293 3760 452 3846 quendam
474 3763 625 3826 omissum
653 3760 817 3845 videbam,
839 3760 958 3826 hunce:
986 3765 1118 3826 Lucrum
1145 3765 1210 3826 siae
1233 3766 1348 3826 domno
1368 3765 1428 3823 alle·

293 3879 357 3937 rius
376 3877 447 3944 fieri
466 3893 527 3938 non
544 3882 653 3953 potest.
923 3855 928 3866 ’

378 3981 489 4068 ltaque
512 3984 575 4047 iam
594 3982 717 4048 ridetur
731 4004 769 4047 66
784 3982 921 4047 adducta
941 3981 1117 4066 disputatio
1132 4003 1202 4046 esse
1217 3985 1267 4066 61,
1291 3981 1430 4066 6666166

294 4092 470 4176 exquisitae
496 4093 544 4157 illi
572 4114 632 4157 nec
661 4092 788 4177 vulgari
816 4092 1012 4157 sententiae:
1047 4097 1091 4157 tis
1118 4099 1216 4156 emori
1241 4105 1287 4158 erl
1316 4097 1430 4156 altmar

294 4208 424 4269 arbitrio
445 4210 536 4282 mori,
561 4203 608 4267 uti
632 4202 716 4286 apud
737 4201 920 4266 Bentleium
943 4223 1066 4287 quoque
1088 4201 1248 4287 scriptum
1271 4207 1337 4286 661,
1360 4201 1428 4286 pris·

293 4312 396 4376 tinam
424 4313 619 4399 elegantiam
655 4312 799 4378 videmur
832 4315 929 4378 antea
956 4312 1150 4397 restituisse,
1180 4335 1284 4377 unum
1313 4317 1428 4378 tantum

295 4421 450 4513 reliquum
472 4424 515 4489 sit
537 4427 704 4512 corruptae
731 4424 947 4513 paenultimae
975 4423 1154 4508 exemplum
1183 4430 1316 4490 ulterius
1342 4423 1426 4502 vocis,
