2996 5148
302 359 366 424 418
612 376 659 424 nn
682 374 897 424 snovnssro
920 373 1140 458 sceosnrcno

386 529 502 594 Restat
528 530 614 594 solus
641 534 773 614 quartus
803 551 927 613 versus,
957 529 992 593 in
1019 551 1081 614 quo
1109 529 1191 615 quod
1219 553 1299 594 nunc
1317 529 1411 613 legitur

302 647 350 705 illi
373 647 485 723 eidem,
515 639 652 705 editores
675 641 716 704 ad
737 663 836 705 unum
866 661 977 704 omnes
1004 639 1219 725 neglexerunt
1245 640 1299 704 soli
1321 638 1412 722 Pyladi

302 751 410 816 deberi
432 773 492 816 nec
514 752 549 815 in
570 751 635 814 ullo
659 751 766 816 codice
786 750 838 816 vel
863 750 1151 815 vetustissimarum
1179 750 1343 816 editionum
1363 747 1414 812 ulla

302 865 443 945 exstare,
471 860 506 925 in
533 861 648 946 quibus
676 861 803 926 inverso
830 861 942 925 ordine
970 863 1020 925 est
1041 867 1136 926 eidem
1158 867 1213 926 illi.
1258 860 1337 936 Quod
1355 857 1415 942 quid

302 992 370 1036 esse
397 971 540 1036 dicamus
568 993 625 1035 cur
652 993 719 1036 non
747 971 901 1036 ambabus
930 971 1077 1055 amplexa
1110 971 1153 1035 sit
1186 971 1344 1034 venustula
1367 969 1415 1031 ista

302 1081 494 1146 Vltimorum
517 1080 853 1166 Paenultimorumque
882 1080 1017 1146 cohors?
1043 1082 1120 1166 qnid
1142 1081 1229 1145 enim
1250 1081 1345 1165 magis
1364 1079 1417 1162 dig·

302 1215 379 1256 num
411 1191 584 1276 Plautinis¹
602 1191 725 1257 scilicet
759 1192 918 1274 versibus,
954 1213 1049 1276 quarn
1086 1191 1301 1276 comptissima
1332 1189 1417 1254 hercle

301 1303 409 1367 hiatus
436 1303 558 1386 species
578 1301 658 1366 illa?
702 1301 764 1366 Sed
789 1305 826 1365 ut
854 1322 925 1366 cum
956 1301 1100 1370 ἐνδόξοις
1125 1302 1233 1386 potius
1256 1323 1343 1387 quam
1363 1323 1417 1364 curn

301 1413 429 1480 ἀδόξοι(
457 1432 606 1497 agamus:
643 1413 703 1478 etsi
731 1411 905 1477 excusabili
932 1433 1011 1476 sane
1037 1415 1155 1476 conatu
1181 1411 1322 1476 videmur
1344 1411 1419 1474 binos

301 1545 394 1607 posse
409 1521 538 1588 voculas
559 1525 781 1606 transponere,
804 1525 914 1586 tamen
929 1521 1160 1587 dubitationem
1179 1527 1287 1588 movet
1307 1523 1420 1586 usitatus

303 1634 431 1698 comicis
459 1655 527 1698 mos
554 1632 720 1718 loquendi,
749 1633 802 1716 qui
836 1631 1040 1715 praemittere
1062 1637 1141 1697 idem
1164 1655 1237 1697 cum
1259 1633 1422 1718 pronomine

302 1743 553 1808 demonstrativo
578 1744 724 1807 iunctum
750 1742 872 1826 solent,
904 1765 970 1808 non
997 1747 1198 1827 postponere.
1248 1743 1422 1808 Documento

301 1854 381 1919 haec
408 1858 503 1920 sunto
527 1851 686 1938 exempla:
709 1858 814 1916 eadem
836 1859 891 1917 illo
912 1851 995 1917 Rud.
1018 1853 1061 1938 Il,
1085 1855 1116 1937 6,
1139 1855 1191 1936 63,
1214 1860 1318 1920 lubido
1337 1859 1423 1918 eodem

302 1971 379 2029 hoec
400 1977 502 2030 manet
522 1963 594 2027 Ter.
611 1961 740 2027 Phorm.
757 1961 815 2046 lV,
838 1963 869 2046 5,
892 1964 922 2042 4,
945 1970 1072 2028 eondem
1093 1971 1177 2028 illam
1200 1965 1274 2030 Cas.
1295 1964 1369 2050 prol.
1383 1963 1423 2042 61,

302 2081 429 2138 condem
457 2079 541 2137 illam
563 2080 710 2138 rationem
738 2072 973 2157 AdelphonV,
997 2075 1035 2157 3,
1058 2074 1110 2157 26,
1135 2081 1179 2140 ad
1199 2081 1325 2140 eundem
1345 2081 1426 2139 istanc

303 2189 422 2247 meduan
444 2181 521 2246 ibid
544 2182 604 2266 ΠΙ,
628 2185 659 2266 3,
684 2184 740 2266 70,
764 2190 869 2248 ecdem
891 2189 969 2248 hacc
991 2182 1095 2250 Andr.
1118 2184 1178 2268 ΠΙ,
1202 2187 1240 2268 3,
1265 2185 1316 2268 46,
1338 2189 1425 2248 eodem

303 2299 398 2357 astoer
419 2298 512 2358 verto
533 2291 653 2358 Bacch.
677 2291 735 2378 lV,
760 2294 789 2377 9,
814 2293 865 2376 96,
890 2300 968 2358 idem
990 2300 1046 2360 too
1068 2306 1229 2374 arpentum
1253 2295 1375 2360 Phorm.
1395 2292 1427 2374 l,
1484 2289 1485 2380 Ι

183 2427 186 2442 ·
301 2401 477 2488 6‚=48(
499 2403 529 2486 7
552 2403 605 2490 6)
634 2403 881 2469 idemhocMil.
904 2402 970 2486 III,
995 2407 1023 2488 l,
1049 2405 1120 2470 160.
1159 2404 1250 2470 Trin.
1274 2406 1316 2490 V,
1337 2406 1366 2488 2,
1386 2403 1428 2468 sl
1484 2454 1485 2518 Ι

303 2511 451 2578 Eunuchi
474 2513 533 2597 IV,
558 2515 592 2596 7,
619 2515 675 2596 13,
698 2519 775 2578 idem
803 2521 880 2580 istac
909 2511 1010 2579 Haut.
1033 2514 1075 2599 V,
1108 2518 1136 2600 Ι,
1162 2515 1213 2580 16.
1254 2515 1332 2582 (list.
1353 2515 1383 2598 I,
1406 2517 1428 2590 l,

300 2623 352 2686 29.
376 2622 493 2688 Persae
514 2622 557 2705 ΙΙ,
581 2625 611 2706 2,
635 2622 676 2688 67
700 2627 746 2708 et,
771 2624 886 2708 quibus
907 2627 1035 2708 praeter
1056 2626 1285 2690 necessitatem
1308 2623 1431 2690 Bothius

299 2741 368 2798 item
395 2733 519 2817 posuit,
554 2733 641 2797 Men.
664 2733 692 2815 I,
716 2735 746 2818 3,
770 2735 801 2798 2.
831 2734 900 2798 Mil.
923 2732 981 2815 IV,
1005 2735 1036 2818 2,
1059 2735 1111 2799 49.
1140 2734 1198 2818 IV,
1222 2736 1253 2816 6,
1277 2737 1329 2802 58.
1371 2733 1430 2798 Huc

300 2843 381 2907 adde
409 2843 579 2908 interiecto
613 2843 676 2908 alio
709 2844 898 2927 pronomine
925 2844 1083 2930 dirempta
1110 2851 1190 2910 idem
1219 2849 1254 2910 et
1281 2826 1372 2928 astat,
1402 2849 1431 2908 ut

300 2959 378 3017 idem
401 2975 456 3033 eqo
478 2961 555 3018 otoo
578 2953 669 3020 Ourc.
693 2953 751 3038 IV,
775 2955 807 3038 3,
830 2956 860 3019 9.
885 2953 988 3020 Stichi
1009 2955 1069 3038 111,
1085 2955 1117 3038 2,
1140 2955 1192 3020 20.
1217 2956 1316 3022 Truc.
1339 2955 1392 3038 IV,
1406 2955 1431 3025 3.

300 3065 351 3130 37.
397 3065 427 3127 A
455 3064 572 3148 quibus
594 3065 747 3130 differunt
768 3087 842 3130 rere
863 3065 975 3130 iuncta
996 3071 1074 3131 idem
1096 3087 1168 3145 eqo,
1193 3072 1274 3132 idem
1297 3081 1331 3133 ta
1352 3067 1433 3149 Oapt.

299 3172 357 3256 IV,
380 3173 411 3257 2,
436 3175 487 3238 84.
511 3173 610 3240 Mero.
634 3173 675 3258 V,
697 3176 729 3257 2,
756 3174 805 3238 12.
849 3173 957 3240 Pauca
983 3179 1113 3242 exstent
1135 3178 1294 3243 contrarii
1317 3177 1434 3263 generis

300 3283 457 3368 exempla,
481 3307 581 3370 eaque
603 3308 641 3350 ex
663 3288 756 3370 parte
779 3289 864 3349 certe
886 3284 973 3351 haud
994 3287 1060 3351 scio
1083 3309 1125 3350 an
1148 3309 1215 3352 non
1238 3289 1434 3372 incorrupta:

298 3400 393 3458 istaec
414 3401 519 3459 ecdem
542 3395 714 3480 Adelphon
735 3393 793 3478 IV,
817 3397 847 3479 3,
872 3395 908 3480 8,
932 3403 1015 3462 illum
1036 3401 1164 3463 candem
1187 3396 1270 3462 eisc.
1288 3399 1317 3484 I,
1339 3401 1370 3483 3,
1391 3397 1435 3474 35,

298 3503 353 3586 qui
386 3525 495 3570 versus
527 3527 594 3570 non
621 3507 727 3570 minus
757 3506 919 3571 commode
947 3507 1012 3572 fert
1038 3509 1328 3593 transpositionem
1350 3529 1435 3594 quam

298 3611 393 3676 Most.
410 3612 450 3696 V,
470 3617 498 3696 1,
515 3615 556 3680 38
578 3623 654 3681 istuc
676 3623 763 3683 idem.
806 3622 889 3682 Istoc
911 3625 981 3683 item
1003 3621 1089 3682 recte
1112 3619 1282 3703 scripsisse
1297 3619 1368 3686 Mil.
1384 3618 1436 3693 ΙΙΙ,

300 3723 328 3805 l,
355 3723 414 3787 181
438 3721 576 3788 Bothius
599 3725 774 3810 ridetur.*)
818 3725 954 3792 Casinas
983 3732 1085 3794 versui
1108 3727 1149 3814 V,
1172 3728 1204 3812 2,
1227 3731 1273 3794 62
1303 3734 1376 3816 (hoc
1395 3751 1435 3793 ro

363 4019 389 4086 ⁸)
410 4017 474 4089 [nisi
491 4023 619 4090 praestat
630 4039 648 4076 a
658 4023 780 4092 Bergkio
797 4025 856 4078 Ind.
871 4024 955 4080 schol.
968 4025 1029 4079 Hal.
1041 4023 1098 4078 hib.
1111 4041 1136 4079 e.
1151 4030 1216 4080 1858
1236 4027 1267 4078 et
1286 4033 1324 4081 59
1342 4045 1369 4097 p.
1382 4023 1439 4080 Xlll

296 4111 521 4190 commendatum
543 4117 767 4187 istucequidem]
802 4118 889 4172 Recte
912 4118 987 4172 idem
1009 4117 1124 4172 Bothius
1145 4117 1230 4174 Marc.
1247 4119 1326 4188 prol.
1347 4126 1378 4174 'll
1397 4120 1441 4175 liti

294 4209 361 4260 item
382 4213 468 4263 meles
491 4225 543 4276 pro
567 4223 600 4263 eo
623 4207 698 4277 quod
716 4211 758 4264 est
776 4209 901 4264 inlibris
919 4213 1075 4270 tibieidem
1094 4216 1182 4269 melis.
1218 4211 1277 4266 Sed
1295 4213 1328 4268 in
1348 4215 1440 4268 codem

294 4295 341 4348 ille
363 4313 467 4364 genere
485 4299 600 4356 nimium
622 4302 675 4357 sibi
693 4303 860 4370 aliquotiens
881 4304 1007 4373 indulsit,
1030 4307 1061 4358 ut
1079 4303 1153 4360 Trio.
1173 4305 1237 4374 I,2,
1256 4313 1294 4360 16
1314 4310 1440 4366 omnibus
1482 4298 1483 4352 l

295 4393 402 4454 amicis,
420 4395 495 4459 qaod
512 4395 620 4461 mittat,
639 4399 722 4466 carpito
740 4413 803 4454 esse
821 4399 903 4456 idem.
940 4398 1008 4470 [Vbi
1024 4401 1110 4465 idem,
1129 4398 1304 4468 sicquidem
1325 4403 1440 4456 colloru-
