<?xml version="1.0" encoding="UTF-8"?>
<!DOCTYPE html PUBLIC "-//W3C//DTD XHTML 1.0 Transitional//EN"
    "http://www.w3.org/TR/xhtml1/DTD/xhtml1-transitional.dtd">
<html xmlns="http://www.w3.org/1999/xhtml" xml:lang="en" lang="en">
 <head>
  <title>
</title>
<meta http-equiv="Content-Type" content="text/html;charset=utf-8" />
  <meta name='ocr-system' content='tesseract 3.04.00' />
  <meta name='ocr-capabilities' content='ocr_page ocr_carea ocr_par ocr_line ocrx_word'/>
</head>
<body>
  <div class='ocr_page' id='page_1' title='image "./fridericiritsch06wachgoog_0289.png"; bbox 0 0 2980 5148; ppageno 0'>
   <div class='ocr_carea' id='block_1_1' title="bbox 297 345 1098 409">
    <p class='ocr_par' dir='ltr' id='par_1_1' title="bbox 297 345 1098 409">
     <span class='ocr_line' id='line_1_1' title="bbox 297 345 1098 409; baseline -0.005 0"><span class='ocrx_word' id='word_1_1' title='bbox 297 345 361 409; x_wconf 82' lang='lat'>260</span> <span class='ocrx_word' id='word_1_2' title='bbox 640 359 862 409; x_wconf 76' lang='lat' dir='ltr'>onossaaivu</span> <span class='ocrx_word' id='word_1_3' title='bbox 884 359 1098 407; x_wconf 79' lang='lat' dir='ltr'>Pnavmnvn.</span> 
     </span>
    </p>
   </div>
   <div class='ocr_carea' id='block_1_2' title="bbox 229 511 1476 4333">
    <p class='ocr_par' dir='ltr' id='par_1_2' title="bbox 298 511 1404 596">
     <span class='ocr_line' id='line_1_2' title="bbox 298 511 1404 596; baseline -0.005 -19"><span class='ocrx_word' id='word_1_4' title='bbox 298 515 374 577; x_wconf 87' lang='lat' dir='ltr'>tudo</span> <span class='ocrx_word' id='word_1_5' title='bbox 385 534 436 576; x_wconf 87' lang='lat' dir='ltr'>me</span> <span class='ocrx_word' id='word_1_6' title='bbox 448 533 555 576; x_wconf 88' lang='lat' dir='ltr'>eorum</span> <span class='ocrx_word' id='word_1_7' title='bbox 569 513 785 595; x_wconf 68' lang='lat' dir='ltr'>exemplorum}</span> <span class='ocrx_word' id='word_1_8' title='bbox 797 515 912 594; x_wconf 91' lang='lat' dir='ltr'>movet,</span> <span class='ocrx_word' id='word_1_9' title='bbox 932 535 1013 596; x_wconf 88' lang='lat' dir='ltr'>qnae</span> <span class='ocrx_word' id='word_1_10' title='bbox 1027 533 1148 576; x_wconf 80' lang='lat' dir='ltr'>rursum</span> <span class='ocrx_word' id='word_1_11' title='bbox 1161 515 1290 575; x_wconf 82' lang='lat' dir='ltr'>servant</span> <span class='ocrx_word' id='word_1_12' title='bbox 1299 513 1327 575; x_wconf 90' lang='lat' dir='ltr'>in</span> <span class='ocrx_word' id='word_1_13' title='bbox 1336 511 1404 574; x_wconf 74' lang='lat' dir='ltr'>libus</span> 
     </span>
    </p>

    <p class='ocr_par' dir='ltr' id='par_1_3' title="bbox 229 601 1476 4333">
     <span class='ocr_line' id='line_1_3' title="bbox 298 601 1476 707; baseline -0.003 -21"><span class='ocrx_word' id='word_1_14' title='bbox 298 626 354 686; x_wconf 90' lang='lat' dir='ltr'>aut</span> <span class='ocrx_word' id='word_1_15' title='bbox 369 623 516 687; x_wconf 86' lang='lat' dir='ltr'>omnibns</span> <span class='ocrx_word' id='word_1_16' title='bbox 531 626 588 686; x_wconf 88' lang='lat' dir='ltr'>ant</span> <span class='ocrx_word' id='word_1_17' title='bbox 604 623 748 707; x_wconf 90' lang='lat' dir='ltr'>optimis:</span> <span class='ocrx_word' id='word_1_18' title='bbox 768 645 902 706; x_wconf 83' lang='lat' dir='ltr'>quorum</span> <span class='ocrx_word' id='word_1_19' title='bbox 917 643 1086 686; x_wconf 88' lang='lat' dir='ltr'>numerum</span> <span class='ocrx_word' id='word_1_20' title='bbox 1102 621 1202 685; x_wconf 87' lang='lat' dir='ltr'>habes</span> <span class='ocrx_word' id='word_1_21' title='bbox 1220 622 1337 686; x_wconf 85' lang='lat' dir='ltr'>circiter</span> <span class='ocrx_word' id='word_1_22' title='bbox 1349 621 1405 683; x_wconf 90' lang='lat' dir='ltr'>tri·</span> <span class='ocrx_word' id='word_1_23' title='bbox 1475 601 1476 656; x_wconf 63' lang='grc' dir='ltr'>Ῑ</span> 
     </span>
     <span class='ocr_line' id='line_1_4' title="bbox 298 731 1408 817; baseline -0.006 -19"><span class='ocrx_word' id='word_1_24' title='bbox 298 734 500 799; x_wconf 88' lang='lat' dir='ltr'>cenarium</span> <span class='ocrx_word' id='word_1_25' title='bbox 533 736 673 817; x_wconf 86' lang='lat' dir='ltr'>(praeter</span> <span class='ocrx_word' id='word_1_26' title='bbox 701 755 738 796; x_wconf 87' lang='lat' dir='ltr'>ea</span> <span class='ocrx_word' id='word_1_27' title='bbox 765 734 800 796; x_wconf 91' lang='lat' dir='ltr'>in</span> <span class='ocrx_word' id='word_1_28' title='bbox 827 733 941 816; x_wconf 90' lang='lat' dir='ltr'>quibus</span> <span class='ocrx_word' id='word_1_29' title='bbox 969 755 1089 797; x_wconf 82' lang='lat' dir='ltr'>rursum</span> <span class='ocrx_word' id='word_1_30' title='bbox 1117 731 1359 814; x_wconf 63' lang='lat' dir='ltr'>monosyllabum</span> <span class='ocrx_word' id='word_1_31' title='bbox 1381 732 1408 792; x_wconf 86' lang='grc'>111</span> 
     </span>
     <span class='ocr_line' id='line_1_5' title="bbox 297 821 1476 926; baseline -0.005 -19"><span class='ocrx_word' id='word_1_32' title='bbox 297 847 373 908; x_wconf 86' lang='lat' dir='ltr'>ante</span> <span class='ocrx_word' id='word_1_33' title='bbox 387 843 553 924; x_wconf 80' lang='lat' dir='ltr'>vocalem).</span> <span class='ocrx_word' id='word_1_34' title='bbox 581 843 621 908; x_wconf 91' lang='lat' dir='ltr'>In</span> <span class='ocrx_word' id='word_1_35' title='bbox 642 865 704 926; x_wconf 91' lang='lat' dir='ltr'>quo</span> <span class='ocrx_word' id='word_1_36' title='bbox 715 863 847 907; x_wconf 90' lang='lat' dir='ltr'>numero</span> <span class='ocrx_word' id='word_1_37' title='bbox 860 844 956 906; x_wconf 88' lang='lat' dir='ltr'>etiam</span> <span class='ocrx_word' id='word_1_38' title='bbox 967 842 1047 906; x_wconf 87' lang='lat' dir='ltr'>haec</span> <span class='ocrx_word' id='word_1_39' title='bbox 1059 842 1209 906; x_wconf 88' lang='lat' dir='ltr'>habenda</span> <span class='ocrx_word' id='word_1_40' title='bbox 1220 845 1303 923; x_wconf 87' lang='lat' dir='ltr'>sunt,</span> <span class='ocrx_word' id='word_1_41' title='bbox 1320 840 1408 923; x_wconf 87' lang='lat' dir='ltr'>inqui·</span> <span class='ocrx_word' id='word_1_42' title='bbox 1475 821 1476 828; x_wconf 26' lang='lat'>¹</span> 
     </span>
     <span class='ocr_line' id='line_1_6' title="bbox 297 951 1410 1037; baseline -0.005 -20"><span class='ocrx_word' id='word_1_43' title='bbox 297 954 356 1017; x_wconf 85' lang='lat' dir='ltr'>bns</span> <span class='ocrx_word' id='word_1_44' title='bbox 389 976 496 1018; x_wconf 83' lang='lat' dir='ltr'>rursus</span> <span class='ocrx_word' id='word_1_45' title='bbox 518 953 573 1016; x_wconf 88' lang='lat' dir='ltr'>diu</span> <span class='ocrx_word' id='word_1_46' title='bbox 594 957 808 1037; x_wconf 85' lang='lat' dir='ltr'>propagatum</span> <span class='ocrx_word' id='word_1_47' title='bbox 830 975 917 1016; x_wconf 90' lang='lat' dir='ltr'>nunc</span> <span class='ocrx_word' id='word_1_48' title='bbox 940 953 1037 1016; x_wconf 86' lang='lat' dir='ltr'>cessit</span> <span class='ocrx_word' id='word_1_49' title='bbox 1058 952 1226 1017; x_wconf 87' lang='lat' dir='ltr'>meliorum</span> <span class='ocrx_word' id='word_1_50' title='bbox 1247 953 1317 1016; x_wconf 90' lang='lat' dir='ltr'>fidei</span> <span class='ocrx_word' id='word_1_51' title='bbox 1336 951 1410 1013; x_wconf 83' lang='lat' dir='ltr'>libro</span> 
     </span>
     <span class='ocr_line' id='line_1_7' title="bbox 297 1061 1476 1145; baseline -0.005 -19"><span class='ocrx_word' id='word_1_52' title='bbox 297 1085 382 1126; x_wconf 88' lang='lat' dir='ltr'>rum:</span> <span class='ocrx_word' id='word_1_53' title='bbox 415 1101 458 1112; x_wconf 85' lang='lat'>—-</span> <span class='ocrx_word' id='word_1_54' title='bbox 490 1061 603 1126; x_wconf 83' lang='lat' dir='ltr'>Militis</span> <span class='ocrx_word' id='word_1_55' title='bbox 625 1062 673 1145; x_wconf 90' lang='lat' dir='ltr'>II,</span> <span class='ocrx_word' id='word_1_56' title='bbox 698 1064 733 1145; x_wconf 84' lang='lat'>6,</span> <span class='ocrx_word' id='word_1_57' title='bbox 760 1063 821 1126; x_wconf 88' lang='lat'>109</span> <span class='ocrx_word' id='word_1_58' title='bbox 853 1063 940 1144; x_wconf 80' lang='lat'>(592)</span> <span class='ocrx_word' id='word_1_59' title='bbox 974 1066 1076 1126; x_wconf 82' lang='lat' dir='ltr'>Redeo</span> <span class='ocrx_word' id='word_1_60' title='bbox 1099 1065 1288 1127; x_wconf 72' lang='lat' dir='ltr'>insatiatam</span> <span class='ocrx_word' id='word_1_61' title='bbox 1315 1062 1411 1124; x_wconf 77' lang='lat' dir='ltr'>rusam.-</span> <span class='ocrx_word' id='word_1_62' title='bbox 1475 1131 1476 1140; x_wconf 9' lang='grc' dir='ltr'>χ</span> 
     </span>
     <span class='ocr_line' id='line_1_8' title="bbox 297 1163 1476 1262; baseline -0.006 -26"><span class='ocrx_word' id='word_1_63' title='bbox 297 1195 367 1236; x_wconf 85' lang='lat' dir='ltr'>nam</span> <span class='ocrx_word' id='word_1_64' title='bbox 390 1163 575 1238; x_wconf 70' lang='lat' dir='ltr'>Palaestrio:</span> <span class='ocrx_word' id='word_1_65' title='bbox 610 1173 657 1237; x_wconf 89' lang='lat' dir='ltr'>sic</span> <span class='ocrx_word' id='word_1_66' title='bbox 679 1172 765 1236; x_wconf 91' lang='lat' dir='ltr'>enim</span> <span class='ocrx_word' id='word_1_67' title='bbox 786 1173 832 1236; x_wconf 90' lang='lat' dir='ltr'>ibi</span> <span class='ocrx_word' id='word_1_68' title='bbox 854 1172 1099 1254; x_wconf 86' lang='lat' dir='ltr'>Ambrosianus,</span> <span class='ocrx_word' id='word_1_69' title='bbox 1132 1171 1188 1236; x_wconf 87' lang='lat' dir='ltr'>ubi</span> <span class='ocrx_word' id='word_1_70' title='bbox 1211 1173 1296 1255; x_wconf 89' lang='lat' dir='ltr'>ipsos</span> <span class='ocrx_word' id='word_1_71' title='bbox 1316 1169 1411 1234; x_wconf 85' lang='lat' dir='ltr'>Palati-</span> <span class='ocrx_word' id='word_1_72' title='bbox 1475 1173 1476 1262; x_wconf 45' lang='lat' dir='ltr'>l</span> 
     </span>
     <span class='ocr_line' id='line_1_9' title="bbox 297 1278 1412 1366; baseline -0.005 -20"><span class='ocrx_word' id='word_1_73' title='bbox 297 1303 355 1346; x_wconf 90' lang='lat' dir='ltr'>nos</span> <span class='ocrx_word' id='word_1_74' title='bbox 387 1283 503 1346; x_wconf 86' lang='lat' dir='ltr'>vitiosa</span> <span class='ocrx_word' id='word_1_75' title='bbox 533 1305 639 1348; x_wconf 82' lang='lat' dir='ltr'>rursus</span> <span class='ocrx_word' id='word_1_76' title='bbox 671 1283 830 1366; x_wconf 87' lang='lat' dir='ltr'>scriptura</span> <span class='ocrx_word' id='word_1_77' title='bbox 863 1283 1046 1366; x_wconf 70' lang='lat' dir='ltr'>occupavit,</span> <span class='ocrx_word' id='word_1_78' title='bbox 1068 1282 1213 1346; x_wconf 72' lang='lat' dir='ltr'>-=Mi1.</span> <span class='ocrx_word' id='word_1_79' title='bbox 1238 1281 1296 1364; x_wconf 90' lang='lat' dir='ltr'>Ill,</span> <span class='ocrx_word' id='word_1_80' title='bbox 1320 1283 1344 1362; x_wconf 86' lang='lat'>1,</span> <span class='ocrx_word' id='word_1_81' title='bbox 1368 1278 1412 1341; x_wconf 80' lang='grc'>101</span> 
     </span>
     <span class='ocr_line' id='line_1_10' title="bbox 297 1392 1414 1478; baseline -0.005 -22"><span class='ocrx_word' id='word_1_82' title='bbox 297 1393 388 1478; x_wconf 81' lang='grc'>(701)</span> <span class='ocrx_word' id='word_1_83' title='bbox 421 1395 462 1456; x_wconf 82' lang='lat' dir='ltr'>Ja&#39;</span> <span class='ocrx_word' id='word_1_84' title='bbox 490 1398 546 1457; x_wconf 81' lang='lat' dir='ltr'>tibi</span> <span class='ocrx_word' id='word_1_85' title='bbox 572 1394 704 1472; x_wconf 76' lang='lat' dir='ltr'>propitii</span> <span class='ocrx_word' id='word_1_86' title='bbox 734 1405 804 1455; x_wconf 82' lang='lat' dir='ltr'>sunt</span> <span class='ocrx_word' id='word_1_87' title='bbox 838 1397 956 1456; x_wconf 78' lang='lat' dir='ltr'>berete:</span> <span class='ocrx_word' id='word_1_88' title='bbox 998 1400 1027 1456; x_wconf 84' lang='lat' dir='ltr'>si</span> <span class='ocrx_word' id='word_1_89' title='bbox 1061 1395 1148 1456; x_wconf 73' lang='lat' dir='ltr'>istum</span> <span class='ocrx_word' id='word_1_90' title='bbox 1181 1399 1272 1456; x_wconf 87' lang='lat' dir='ltr'>semel</span> <span class='ocrx_word' id='word_1_91' title='bbox 1300 1392 1414 1454; x_wconf 77' lang='lat' dir='ltr'>omiseris</span> 
     </span>
     <span class='ocr_line' id='line_1_11' title="bbox 297 1503 1476 1578; baseline -0.004 -14"><span class='ocrx_word' id='word_1_92' title='bbox 297 1504 491 1574; x_wconf 76' lang='lat' dir='ltr'><em>Libertatem,</em></span> <span class='ocrx_word' id='word_1_93' title='bbox 525 1507 587 1565; x_wconf 81' lang='lat' dir='ltr'>bau</span> <span class='ocrx_word' id='word_1_94' title='bbox 604 1505 704 1578; x_wconf 71' lang='lat' dir='ltr'>facile</span> <span class='ocrx_word' id='word_1_95' title='bbox 726 1514 754 1564; x_wconf 84' lang='lat' dir='ltr'>te</span> <span class='ocrx_word' id='word_1_96' title='bbox 776 1509 806 1566; x_wconf 80' lang='lat' dir='ltr'>ia</span> <span class='ocrx_word' id='word_1_97' title='bbox 829 1522 895 1566; x_wconf 82' lang='lat' dir='ltr'>eum</span> <span class='ocrx_word' id='word_1_98' title='bbox 918 1503 1020 1566; x_wconf 73' lang='lat' dir='ltr'>rasam</span> <span class='ocrx_word' id='word_1_99' title='bbox 1043 1506 1183 1566; x_wconf 72' lang='lat' dir='ltr'>restituet</span> <span class='ocrx_word' id='word_1_100' title='bbox 1204 1509 1414 1566; x_wconf 72' lang='grc'>(0010000001-</span> <span class='ocrx_word' id='word_1_101' title='bbox 1475 1515 1476 1520; x_wconf 72' lang='grc'>’</span> 
     </span>
     <span class='ocr_line' id='line_1_12' title="bbox 297 1587 1476 1694; baseline -0.005 -20"><span class='ocrx_word' id='word_1_102' title='bbox 297 1613 372 1674; x_wconf 90' lang='lat' dir='ltr'>dum</span> <span class='ocrx_word' id='word_1_103' title='bbox 395 1612 643 1676; x_wconf 83' lang='lat' dir='ltr'>Ambrosianum</span> <span class='ocrx_word' id='word_1_104' title='bbox 666 1615 698 1674; x_wconf 88' lang='lat' dir='ltr'>et</span> <span class='ocrx_word' id='word_1_105' title='bbox 719 1611 896 1694; x_wconf 76' lang='lat' dir='ltr'>Palatium,</span> <span class='ocrx_word' id='word_1_106' title='bbox 919 1611 975 1674; x_wconf 88' lang='lat' dir='ltr'>ubi</span> <span class='ocrx_word' id='word_1_107' title='bbox 997 1634 1080 1675; x_wconf 89' lang='lat' dir='ltr'>unus</span> <span class='ocrx_word' id='word_1_108' title='bbox 1103 1611 1229 1675; x_wconf 83' lang='lat' dir='ltr'>Merula</span> <span class='ocrx_word' id='word_1_109' title='bbox 1252 1633 1320 1676; x_wconf 89' lang='lat' dir='ltr'>cum</span> <span class='ocrx_word' id='word_1_110' title='bbox 1341 1608 1416 1672; x_wconf 82' lang='lat' dir='ltr'>Italis</span> <span class='ocrx_word' id='word_1_111' title='bbox 1475 1587 1476 1620; x_wconf 53' lang='lat'>¹</span> 
     </span>
     <span class='ocr_line' id='line_1_13' title="bbox 296 1719 1476 1807; baseline -0.006 -21"><span class='ocrx_word' id='word_1_112' title='bbox 296 1744 419 1803; x_wconf 83' lang='lat' dir='ltr'>rarsas3</span> <span class='ocrx_word' id='word_1_113' title='bbox 441 1761 483 1770; x_wconf 92' lang='lat'><em>-</em></span> <span class='ocrx_word' id='word_1_114' title='bbox 505 1721 633 1786; x_wconf 86' lang='lat' dir='ltr'>Trucul.</span> <span class='ocrx_word' id='word_1_115' title='bbox 658 1720 698 1803; x_wconf 88' lang='lat' dir='ltr'>V,</span> <span class='ocrx_word' id='word_1_116' title='bbox 724 1721 764 1784; x_wconf 81' lang='lat'>73</span> <span class='ocrx_word' id='word_1_117' title='bbox 789 1720 945 1800; x_wconf 71' lang='lat' dir='ltr'>Meumque</span> <span class='ocrx_word' id='word_1_118' title='bbox 967 1733 1075 1786; x_wconf 77' lang='lat' dir='ltr'>utrem</span> <span class='ocrx_word' id='word_1_119' title='bbox 1091 1725 1292 1800; x_wconf 71' lang='lat' dir='ltr'>berreqe&#39;stum</span> <span class='ocrx_word' id='word_1_120' title='bbox 1309 1719 1415 1807; x_wconf 71' lang='grc'>(010001,</span> <span class='ocrx_word' id='word_1_121' title='bbox 1475 1727 1476 1762; x_wconf 78' lang='grc' dir='ltr'>ῑ</span> 
     </span>
     <span class='ocr_line' id='line_1_14' title="bbox 296 1781 1476 1908; baseline -0.006 -11"><span class='ocrx_word' id='word_1_122' title='bbox 296 1835 425 1897; x_wconf 79' lang='lat' dir='ltr'>vostrum</span> <span class='ocrx_word' id='word_1_123' title='bbox 457 1847 585 1896; x_wconf 69' lang='lat' dir='ltr'>rursum·</span> <span class='ocrx_word' id='word_1_124' title='bbox 609 1834 683 1895; x_wconf 70' lang='lat' dir='ltr'>bene</span> <span class='ocrx_word' id='word_1_125' title='bbox 712 1852 836 1908; x_wconf 70' lang='lat' dir='ltr'>acram,</span> <span class='ocrx_word' id='word_1_126' title='bbox 871 1831 926 1895; x_wconf 92' lang='lat' dir='ltr'>ubi</span> <span class='ocrx_word' id='word_1_127' title='bbox 948 1831 1148 1896; x_wconf 76' lang='lat' dir='ltr'>Camerarius</span> <span class='ocrx_word' id='word_1_128' title='bbox 1182 1832 1310 1896; x_wconf 88' lang='lat' dir='ltr'>demum</span> <span class='ocrx_word' id='word_1_129' title='bbox 1330 1849 1419 1892; x_wconf 82' lang='lat' dir='ltr'>rursus</span> <span class='ocrx_word' id='word_1_130' title='bbox 1475 1781 1476 1864; x_wconf 76' lang='grc'>1</span> 
     </span>
     <span class='ocr_line' id='line_1_15' title="bbox 296 1931 1419 2024; baseline -0.006 -19"><span class='ocrx_word' id='word_1_131' title='bbox 296 1942 435 2024; x_wconf 84' lang='lat' dir='ltr'>invexit,</span> <span class='ocrx_word' id='word_1_132' title='bbox 470 1964 536 2006; x_wconf 92' lang='lat' dir='ltr'>nou</span> <span class='ocrx_word' id='word_1_133' title='bbox 568 1941 632 2004; x_wconf 87' lang='lat' dir='ltr'>alia</span> <span class='ocrx_word' id='word_1_134' title='bbox 665 1931 744 2024; x_wconf 87' lang='lat' dir='ltr'>puto</span> <span class='ocrx_word' id='word_1_135' title='bbox 778 1962 890 2005; x_wconf 82' lang='lat' dir='ltr'>caussa</span> <span class='ocrx_word' id='word_1_136' title='bbox 922 1944 1027 2004; x_wconf 88' lang='lat' dir='ltr'>motus</span> <span class='ocrx_word' id='word_1_137' title='bbox 1055 1942 1118 2005; x_wconf 90' lang='lat' dir='ltr'>nisi</span> <span class='ocrx_word' id='word_1_138' title='bbox 1156 1942 1241 2024; x_wconf 88' lang='lat' dir='ltr'>quod</span> <span class='ocrx_word' id='word_1_139' title='bbox 1263 1943 1297 2005; x_wconf 93' lang='lat' dir='ltr'>in</span> <span class='ocrx_word' id='word_1_140' title='bbox 1320 1938 1419 2002; x_wconf 66' lang='lat' dir='ltr'>Vetera</span> 
     </span>
     <span class='ocr_line' id='line_1_16' title="bbox 297 2047 1420 2134; baseline -0.005 -20"><span class='ocrx_word' id='word_1_141' title='bbox 297 2073 362 2116; x_wconf 92' lang='lat' dir='ltr'>non</span> <span class='ocrx_word' id='word_1_142' title='bbox 385 2055 434 2116; x_wconf 88' lang='lat' dir='ltr'>est</span> <span class='ocrx_word' id='word_1_143' title='bbox 455 2073 575 2117; x_wconf 83' lang='lat' dir='ltr'>rursum</span> <span class='ocrx_word' id='word_1_144' title='bbox 597 2051 689 2114; x_wconf 91' lang='lat' dir='ltr'>utin</span> <span class='ocrx_word' id='word_1_145' title='bbox 712 2051 826 2114; x_wconf 86' lang='lat' dir='ltr'>ceteris</span> <span class='ocrx_word' id='word_1_146' title='bbox 849 2052 1015 2134; x_wconf 83' lang='lat' dir='ltr'>scriptum,</span> <span class='ocrx_word' id='word_1_147' title='bbox 1038 2051 1093 2114; x_wconf 89' lang='lat' dir='ltr'>sed</span> <span class='ocrx_word' id='word_1_148' title='bbox 1115 2049 1358 2116; x_wconf 84' lang='lat' dir='ltr'>immemorabili</span> <span class='ocrx_word' id='word_1_149' title='bbox 1371 2047 1420 2110; x_wconf 84' lang='lat' dir='ltr'>‹lis-</span> 
     </span>
     <span class='ocr_line' id='line_1_17' title="bbox 229 2156 1476 2245; baseline -0.007 -19"><span class='ocrx_word' id='word_1_150' title='bbox 229 2221 232 2226; x_wconf 91' lang='lat'>.</span> <span class='ocrx_word' id='word_1_151' title='bbox 298 2161 463 2245; x_wconf 77' lang='lat' dir='ltr'>crepantia</span> <span class='ocrx_word' id='word_1_152' title='bbox 484 2184 575 2226; x_wconf 82' lang='lat' dir='ltr'>rursu</span> <span class='ocrx_word' id='word_1_153' title='bbox 597 2166 670 2224; x_wconf 85' lang='lat' dir='ltr'>bene</span> <span class='ocrx_word' id='word_1_154' title='bbox 689 2183 777 2240; x_wconf 67' lang='lat' dir='ltr'>pero.</span> <span class='ocrx_word' id='word_1_155' title='bbox 822 2159 947 2225; x_wconf 78' lang='lat' dir='ltr'>Tantae</span> <span class='ocrx_word' id='word_1_156' title='bbox 969 2161 1071 2244; x_wconf 88' lang='lat' dir='ltr'>igitur</span> <span class='ocrx_word' id='word_1_157' title='bbox 1092 2162 1310 2244; x_wconf 86' lang='lat' dir='ltr'>exemplorum</span> <span class='ocrx_word' id='word_1_158' title='bbox 1331 2156 1421 2222; x_wconf 83' lang='lat' dir='ltr'>multi·</span> <span class='ocrx_word' id='word_1_159' title='bbox 1475 2157 1476 2238; x_wconf 87' lang='grc'>(</span> 
     </span>
     <span class='ocr_line' id='line_1_18' title="bbox 296 2251 1476 2355; baseline -0.005 -21"><span class='ocrx_word' id='word_1_160' title='bbox 296 2271 400 2335; x_wconf 90' lang='lat' dir='ltr'>tudini</span> <span class='ocrx_word' id='word_1_161' title='bbox 432 2273 495 2334; x_wconf 86' lang='lat' dir='ltr'>tria</span> <span class='ocrx_word' id='word_1_162' title='bbox 517 2274 644 2335; x_wconf 89' lang='lat' dir='ltr'>tantum</span> <span class='ocrx_word' id='word_1_163' title='bbox 667 2273 796 2334; x_wconf 82' lang='lat' dir='ltr'>exstant</span> <span class='ocrx_word' id='word_1_164' title='bbox 817 2292 898 2353; x_wconf 87' lang='lat' dir='ltr'>quae</span> <span class='ocrx_word' id='word_1_165' title='bbox 920 2271 991 2354; x_wconf 89' lang='lat' dir='ltr'>quis</span> <span class='ocrx_word' id='word_1_166' title='bbox 1013 2274 1175 2355; x_wconf 87' lang='lat' dir='ltr'>opponat,</span> <span class='ocrx_word' id='word_1_167' title='bbox 1204 2293 1306 2355; x_wconf 84' lang='lat' dir='ltr'>eaque</span> <span class='ocrx_word' id='word_1_168' title='bbox 1327 2291 1343 2332; x_wconf 91' lang='lat' dir='ltr'>e</span> <span class='ocrx_word' id='word_1_169' title='bbox 1363 2265 1422 2330; x_wconf 84' lang='lat' dir='ltr'>tali·</span> <span class='ocrx_word' id='word_1_170' title='bbox 1475 2251 1476 2268; x_wconf 51' lang='lat'>³</span> 
     </span>
     <span class='ocr_line' id='line_1_19' title="bbox 296 2375 1422 2464; baseline -0.007 -20"><span class='ocrx_word' id='word_1_171' title='bbox 296 2381 355 2446; x_wconf 88' lang='lat' dir='ltr'>bus</span> <span class='ocrx_word' id='word_1_172' title='bbox 377 2380 559 2444; x_wconf 87' lang='lat' dir='ltr'>fabularum</span> <span class='ocrx_word' id='word_1_173' title='bbox 580 2380 803 2444; x_wconf 88' lang='lat' dir='ltr'>Plautinarum</span> <span class='ocrx_word' id='word_1_174' title='bbox 824 2379 970 2463; x_wconf 88' lang='lat' dir='ltr'>partibus</span> <span class='ocrx_word' id='word_1_175' title='bbox 992 2380 1094 2464; x_wconf 88' lang='lat' dir='ltr'>petita</span> <span class='ocrx_word' id='word_1_176' title='bbox 1116 2379 1241 2462; x_wconf 87' lang='lat' dir='ltr'>omnia,</span> <span class='ocrx_word' id='word_1_177' title='bbox 1266 2375 1422 2462; x_wconf 86' lang='lat' dir='ltr'>inquibus</span> 
     </span>
     <span class='ocr_line' id='line_1_20' title="bbox 296 2484 1424 2568; baseline -0.003 -14"><span class='ocrx_word' id='word_1_178' title='bbox 296 2490 503 2554; x_wconf 87' lang='lat' dir='ltr'>Ambrosiani</span> <span class='ocrx_word' id='word_1_179' title='bbox 536 2489 652 2554; x_wconf 88' lang='lat' dir='ltr'>codicis</span> <span class='ocrx_word' id='word_1_180' title='bbox 682 2489 875 2554; x_wconf 88' lang='lat' dir='ltr'>testimoniis</span> <span class='ocrx_word' id='word_1_181' title='bbox 910 2489 1123 2554; x_wconf 73' lang='lat' dir='ltr'>destituimur.</span> <span class='ocrx_word' id='word_1_182' title='bbox 1168 2490 1213 2554; x_wconf 82' lang='lat' dir='ltr'>Et</span> <span class='ocrx_word' id='word_1_183' title='bbox 1234 2489 1349 2554; x_wconf 87' lang='lat' dir='ltr'>horum</span> <span class='ocrx_word' id='word_1_184' title='bbox 1368 2484 1424 2568; x_wconf 86' lang='lat' dir='ltr'>qui·</span> 
     </span>
     <span class='ocr_line' id='line_1_21' title="bbox 297 2599 1476 2683; baseline -0.007 -20"><span class='ocrx_word' id='word_1_185' title='bbox 297 2600 368 2663; x_wconf 90' lang='lat' dir='ltr'>dem</span> <span class='ocrx_word' id='word_1_186' title='bbox 390 2623 505 2683; x_wconf 91' lang='lat' dir='ltr'>unum,</span> <span class='ocrx_word' id='word_1_187' title='bbox 535 2601 619 2683; x_wconf 91' lang='lat' dir='ltr'>quod</span> <span class='ocrx_word' id='word_1_188' title='bbox 641 2603 690 2664; x_wconf 88' lang='lat' dir='ltr'>est</span> <span class='ocrx_word' id='word_1_189' title='bbox 711 2599 846 2664; x_wconf 90' lang='lat' dir='ltr'>Poenuli</span> <span class='ocrx_word' id='word_1_190' title='bbox 868 2599 949 2683; x_wconf 88' lang='lat' dir='ltr'>prol.</span> <span class='ocrx_word' id='word_1_191' title='bbox 973 2599 1014 2663; x_wconf 76' lang='lat'>79</span> <span class='ocrx_word' id='word_1_192' title='bbox 1037 2604 1187 2665; x_wconf 77' lang='lat' dir='ltr'>Revertor</span> <span class='ocrx_word' id='word_1_193' title='bbox 1207 2623 1318 2665; x_wconf 83' lang='lat' dir='ltr'>rursus</span> <span class='ocrx_word' id='word_1_194' title='bbox 1340 2599 1425 2661; x_wconf 75' lang='grc'>1111100</span> <span class='ocrx_word' id='word_1_195' title='bbox 1475 2603 1476 2640; x_wconf 72' lang='grc'>1</span> 
     </span>
     <span class='ocr_line' id='line_1_22' title="bbox 298 2703 1424 2794; baseline -0.006 -20"><span class='ocrx_word' id='word_1_196' title='bbox 298 2713 523 2790; x_wconf 68' lang='lat' dir='ltr'>Carttrlqinem,</span> <span class='ocrx_word' id='word_1_197' title='bbox 547 2711 618 2794; x_wconf 87' lang='lat' dir='ltr'>quis</span> <span class='ocrx_word' id='word_1_198' title='bbox 640 2709 690 2774; x_wconf 89' lang='lat' dir='ltr'>vel</span> <span class='ocrx_word' id='word_1_199' title='bbox 705 2711 864 2794; x_wconf 89' lang='lat' dir='ltr'>tantisper</span> <span class='ocrx_word' id='word_1_200' title='bbox 886 2710 1029 2773; x_wconf 86' lang='lat' dir='ltr'>tuebitur</span> <span class='ocrx_word' id='word_1_201' title='bbox 1051 2713 1237 2794; x_wconf 89' lang='lat' dir='ltr'>comparato</span> <span class='ocrx_word' id='word_1_202' title='bbox 1261 2711 1334 2776; x_wconf 79' lang='lat' dir='ltr'>Cas</span> <span class='ocrx_word' id='word_1_203' title='bbox 1356 2703 1424 2790; x_wconf 88' lang='lat' dir='ltr'>prol.</span> 
     </span>
     <span class='ocr_line' id='line_1_23' title="bbox 296 2819 1427 2904; baseline -0.007 -21"><span class='ocrx_word' id='word_1_204' title='bbox 296 2820 337 2884; x_wconf 85' lang='lat'>33</span> <span class='ocrx_word' id='word_1_205' title='bbox 355 2823 460 2899; x_wconf 76' lang='lat' dir='ltr'>postia</span> <span class='ocrx_word' id='word_1_206' title='bbox 489 2841 610 2884; x_wconf 82' lang='lat' dir='ltr'>rursum</span> <span class='ocrx_word' id='word_1_207' title='bbox 643 2821 764 2884; x_wconf 74' lang='lat' dir='ltr'>denuo?</span> <span class='ocrx_word' id='word_1_208' title='bbox 808 2819 896 2904; x_wconf 80' lang='lat' dir='ltr'>Ergo</span> <span class='ocrx_word' id='word_1_209' title='bbox 928 2840 970 2882; x_wconf 89' lang='lat' dir='ltr'>ne</span> <span class='ocrx_word' id='word_1_210' title='bbox 992 2820 1053 2884; x_wconf 87' lang='lat' dir='ltr'>duo</span> <span class='ocrx_word' id='word_1_211' title='bbox 1075 2819 1202 2903; x_wconf 88' lang='lat' dir='ltr'>quidem</span> <span class='ocrx_word' id='word_1_212' title='bbox 1224 2841 1311 2904; x_wconf 89' lang='lat' dir='ltr'>quae</span> <span class='ocrx_word' id='word_1_213' title='bbox 1332 2835 1427 2899; x_wconf 87' lang='lat' dir='ltr'>super·</span> 
     </span>
     <span class='ocr_line' id='line_1_24' title="bbox 296 2925 1476 3015; baseline -0.006 -24"><span class='ocrx_word' id='word_1_214' title='bbox 296 2933 387 2993; x_wconf 91' lang='lat' dir='ltr'>sunt:</span> <span class='ocrx_word' id='word_1_215' title='bbox 421 2929 520 2994; x_wconf 86' lang='lat' dir='ltr'>Mero.</span> <span class='ocrx_word' id='word_1_216' title='bbox 545 2929 585 3012; x_wconf 91' lang='lat' dir='ltr'>V,</span> <span class='ocrx_word' id='word_1_217' title='bbox 620 2930 650 3012; x_wconf 84' lang='lat'>4,</span> <span class='ocrx_word' id='word_1_218' title='bbox 685 2931 724 2993; x_wconf 81' lang='lat'>41</span> <span class='ocrx_word' id='word_1_219' title='bbox 750 2929 862 3015; x_wconf 86' lang='lat'>(1001)</span> <span class='ocrx_word' id='word_1_220' title='bbox 889 2933 1105 2994; x_wconf 68' lang='lat' dir='ltr'>Coizsuetudine</span> <span class='ocrx_word' id='word_1_221' title='bbox 1138 2932 1260 2994; x_wconf 67' lang='lat' dir='ltr'>(inimus</span> <span class='ocrx_word' id='word_1_222' title='bbox 1282 2949 1387 2992; x_wconf 68' lang='lat' dir='ltr'>rorans</span> <span class='ocrx_word' id='word_1_223' title='bbox 1405 2937 1428 2985; x_wconf 72' lang='grc' dir='ltr'>(ι’</span> <span class='ocrx_word' id='word_1_224' title='bbox 1475 2925 1476 2962; x_wconf 66' lang='lat' dir='ltr'>l</span> 
     </span>
     <span class='ocr_line' id='line_1_25' title="bbox 295 3039 1430 3122; baseline -0.006 -20"><span class='ocrx_word' id='word_1_225' title='bbox 295 3041 355 3104; x_wconf 77' lang='lat' dir='ltr'>tric</span> <span class='ocrx_word' id='word_1_226' title='bbox 376 3045 531 3104; x_wconf 79' lang='lat' dir='ltr'>inducettz</span> <span class='ocrx_word' id='word_1_227' title='bbox 560 3043 708 3122; x_wconf 76' lang='lat' dir='ltr'>obscecro,</span> <span class='ocrx_word' id='word_1_228' title='bbox 733 3043 766 3103; x_wconf 89' lang='lat' dir='ltr'>et</span> <span class='ocrx_word' id='word_1_229' title='bbox 787 3039 886 3104; x_wconf 89' lang='lat' dir='ltr'>Poen.</span> <span class='ocrx_word' id='word_1_230' title='bbox 910 3039 951 3122; x_wconf 93' lang='lat' dir='ltr'>V,</span> <span class='ocrx_word' id='word_1_231' title='bbox 975 3039 1005 3121; x_wconf 83' lang='lat'>2,</span> <span class='ocrx_word' id='word_1_232' title='bbox 1029 3039 1072 3102; x_wconf 78' lang='lat'>40</span> <span class='ocrx_word' id='word_1_233' title='bbox 1094 3041 1204 3103; x_wconf 70' lang='lat' dir='ltr'>Saluta</span> <span class='ocrx_word' id='word_1_234' title='bbox 1227 3045 1313 3104; x_wconf 78' lang='lat' dir='ltr'>tuac</span> <span class='ocrx_word' id='word_1_235' title='bbox 1335 3056 1430 3101; x_wconf 81' lang='lat' dir='ltr'>rursus</span> 
     </span>
     <span class='ocr_line' id='line_1_26' title="bbox 292 3147 1476 3232; baseline -0.006 -21"><span class='ocrx_word' id='word_1_236' title='bbox 292 3151 404 3228; x_wconf 74' lang='lat' dir='ltr'>punice</span> <span class='ocrx_word' id='word_1_237' title='bbox 426 3152 629 3228; x_wconf 63' lang='lat' dir='ltr'>cerbinarola,</span> <span class='ocrx_word' id='word_1_238' title='bbox 661 3149 800 3220; x_wconf 86' lang='lat' dir='ltr'>multum</span> <span class='ocrx_word' id='word_1_239' title='bbox 833 3149 996 3213; x_wconf 87' lang='lat' dir='ltr'>dubitabis</span> <span class='ocrx_word' id='word_1_240' title='bbox 1018 3153 1166 3213; x_wconf 86' lang='lat' dir='ltr'>revocata</span> <span class='ocrx_word' id='word_1_241' title='bbox 1189 3171 1314 3216; x_wconf 80' lang='lat' dir='ltr'>rursum</span> <span class='ocrx_word' id='word_1_242' title='bbox 1337 3147 1429 3211; x_wconf 84' lang='lat' dir='ltr'>fornia</span> <span class='ocrx_word' id='word_1_243' title='bbox 1475 3183 1476 3232; x_wconf 74' lang='lat'>1</span> 
     </span>
     <span class='ocr_line' id='line_1_27' title="bbox 297 3243 1476 3344; baseline -0.003 -26"><span class='ocrx_word' id='word_1_244' title='bbox 297 3258 337 3318; x_wconf 90' lang='lat' dir='ltr'>ad</span> <span class='ocrx_word' id='word_1_245' title='bbox 370 3259 562 3344; x_wconf 88' lang='lat' dir='ltr'>reliquorum</span> <span class='ocrx_word' id='word_1_246' title='bbox 593 3259 834 3323; x_wconf 89' lang='lat' dir='ltr'>similitudinem</span> <span class='ocrx_word' id='word_1_247' title='bbox 868 3258 1115 3323; x_wconf 87' lang='lat' dir='ltr'>accommodare.</span> <span class='ocrx_word' id='word_1_248' title='bbox 1166 3258 1239 3323; x_wconf 83' lang='lat' dir='ltr'>Etsi</span> <span class='ocrx_word' id='word_1_249' title='bbox 1262 3261 1354 3323; x_wconf 89' lang='lat' dir='ltr'>enim</span> <span class='ocrx_word' id='word_1_250' title='bbox 1375 3275 1430 3319; x_wconf 91' lang='lat' dir='ltr'>nou</span> <span class='ocrx_word' id='word_1_251' title='bbox 1475 3243 1476 3268; x_wconf 78' lang='lat'>³</span> 
     </span>
     <span class='ocr_line' id='line_1_28' title="bbox 297 3365 1432 3452; baseline -0.003 -24"><span class='ocrx_word' id='word_1_252' title='bbox 297 3388 347 3428; x_wconf 88' lang='lat' dir='ltr'>me</span> <span class='ocrx_word' id='word_1_253' title='bbox 369 3367 455 3451; x_wconf 81' lang='lat' dir='ltr'>fugit</span> <span class='ocrx_word' id='word_1_254' title='bbox 477 3368 678 3434; x_wconf 77' lang='lat' dir='ltr'>Naeuianum</span> <span class='ocrx_word' id='word_1_255' title='bbox 700 3391 718 3432; x_wconf 90' lang='lat' dir='ltr'>e</span> <span class='ocrx_word' id='word_1_256' title='bbox 739 3368 918 3432; x_wconf 83' lang='lat' dir='ltr'>Tarentilla</span> <span class='ocrx_word' id='word_1_257' title='bbox 940 3367 1136 3450; x_wconf 89' lang='lat' dir='ltr'>exemplum,</span> <span class='ocrx_word' id='word_1_258' title='bbox 1171 3370 1257 3452; x_wconf 88' lang='lat' dir='ltr'>quod</span> <span class='ocrx_word' id='word_1_259' title='bbox 1282 3391 1351 3433; x_wconf 88' lang='lat' dir='ltr'>non</span> <span class='ocrx_word' id='word_1_260' title='bbox 1372 3365 1432 3429; x_wconf 84' lang='lat' dir='ltr'>sine</span> 
     </span>
     <span class='ocr_line' id='line_1_29' title="bbox 297 3477 1476 3564; baseline -0.003 -27"><span class='ocrx_word' id='word_1_261' title='bbox 297 3496 417 3559; x_wconf 79' lang='lat' dir='ltr'>magna</span> <span class='ocrx_word' id='word_1_262' title='bbox 438 3477 664 3559; x_wconf 85' lang='lat' dir='ltr'>probabilitate</span> <span class='ocrx_word' id='word_1_263' title='bbox 686 3479 733 3543; x_wconf 90' lang='lat' dir='ltr'>sic</span> <span class='ocrx_word' id='word_1_264' title='bbox 754 3479 987 3564; x_wconf 83' lang='lat' dir='ltr'>redintegravit</span> <span class='ocrx_word' id='word_1_265' title='bbox 998 3477 1040 3542; x_wconf 89' lang='lat' dir='ltr'>H.</span> <span class='ocrx_word' id='word_1_266' title='bbox 1054 3477 1177 3541; x_wconf 86' lang='lat' dir='ltr'>Keilius</span> <span class='ocrx_word' id='word_1_267' title='bbox 1201 3479 1242 3542; x_wconf 89' lang='lat' dir='ltr'>ad</span> <span class='ocrx_word' id='word_1_268' title='bbox 1256 3477 1431 3544; x_wconf 81' lang='lat' dir='ltr'>Charisium</span> <span class='ocrx_word' id='word_1_269' title='bbox 1475 3511 1476 3556; x_wconf 62' lang='lat'>1</span> 
     </span>
     <span class='ocr_line' id='line_1_30' title="bbox 297 3583 1476 3670; baseline -0.003 -22"><span class='ocrx_word' id='word_1_270' title='bbox 297 3609 328 3669; x_wconf 92' lang='lat' dir='ltr'>p.</span> <span class='ocrx_word' id='word_1_271' title='bbox 353 3585 429 3670; x_wconf 31' lang='lat'>2¹17:</span> <span class='ocrx_word' id='word_1_272' title='bbox 463 3591 523 3665; x_wconf 81' lang='lat' dir='ltr'>qact</span> <span class='ocrx_word' id='word_1_273' title='bbox 550 3610 612 3667; x_wconf 79' lang='lat' dir='ltr'>pro</span> <span class='ocrx_word' id='word_1_274' title='bbox 644 3593 826 3666; x_wconf 70' lang='lat' dir='ltr'>confidentia</span> <span class='ocrx_word' id='word_1_275' title='bbox 858 3590 958 3652; x_wconf 72' lang='lat' dir='ltr'>Bataua</span> <span class='ocrx_word' id='word_1_276' title='bbox 984 3593 1103 3652; x_wconf 82' lang='lat' dir='ltr'>uerbum</span> <span class='ocrx_word' id='word_1_277' title='bbox 1131 3590 1198 3652; x_wconf 77' lang='lat' dir='ltr'>crim</span> <span class='ocrx_word' id='word_1_278' title='bbox 1228 3611 1267 3654; x_wconf 88' lang='lat' dir='ltr'>eo</span> <span class='ocrx_word' id='word_1_279' title='bbox 1294 3593 1433 3666; x_wconf 79' lang='lat' dir='ltr'>facerem,</span> <span class='ocrx_word' id='word_1_280' title='bbox 1475 3583 1476 3660; x_wconf 79' lang='grc'>1</span> 
     </span>
     <span class='ocr_line' id='line_1_31' title="bbox 296 3667 1476 3782; baseline -0.002 -24"><span class='ocrx_word' id='word_1_281' title='bbox 296 3698 405 3759; x_wconf 85' lang='lat' dir='ltr'>tamen</span> <span class='ocrx_word' id='word_1_282' title='bbox 424 3699 457 3759; x_wconf 89' lang='lat' dir='ltr'>et</span> <span class='ocrx_word' id='word_1_283' title='bbox 468 3717 608 3760; x_wconf 83' lang='lat' dir='ltr'>seorsum</span> <span class='ocrx_word' id='word_1_284' title='bbox 630 3699 845 3782; x_wconf 89' lang='lat' dir='ltr'>quaerendum</span> <span class='ocrx_word' id='word_1_285' title='bbox 868 3701 917 3761; x_wconf 89' lang='lat' dir='ltr'>est</span> <span class='ocrx_word' id='word_1_286' title='bbox 927 3697 1041 3762; x_wconf 87' lang='lat' dir='ltr'>Plauto</span> <span class='ocrx_word' id='word_1_287' title='bbox 1063 3698 1139 3781; x_wconf 90' lang='lat' dir='ltr'>quid</span> <span class='ocrx_word' id='word_1_288' title='bbox 1160 3698 1338 3782; x_wconf 85' lang='lat' dir='ltr'>placuerit,</span> <span class='ocrx_word' id='word_1_289' title='bbox 1362 3701 1392 3760; x_wconf 84' lang='lat' dir='ltr'>et</span> <span class='ocrx_word' id='word_1_290' title='bbox 1413 3695 1434 3756; x_wconf 76' lang='lat' dir='ltr'>is</span> <span class='ocrx_word' id='word_1_291' title='bbox 1475 3667 1476 3752; x_wconf 91' lang='grc'>1</span> 
     </span>
     <span class='ocr_line' id='line_1_32' title="bbox 297 3805 1434 3893; baseline -0.005 -23"><span class='ocrx_word' id='word_1_292' title='bbox 297 3811 333 3870; x_wconf 86' lang='grc'>01</span> <span class='ocrx_word' id='word_1_293' title='bbox 355 3805 415 3871; x_wconf 87' lang='lat' dir='ltr'>sibi</span> <span class='ocrx_word' id='word_1_294' title='bbox 438 3806 506 3890; x_wconf 88' lang='lat' dir='ltr'>ipse</span> <span class='ocrx_word' id='word_1_295' title='bbox 530 3811 654 3870; x_wconf 88' lang='lat' dir='ltr'>constet</span> <span class='ocrx_word' id='word_1_296' title='bbox 676 3809 851 3872; x_wconf 87' lang='lat' dir='ltr'>curandum</span> <span class='ocrx_word' id='word_1_297' title='bbox 867 3811 995 3891; x_wconf 89' lang='lat' dir='ltr'>praeter</span> <span class='ocrx_word' id='word_1_298' title='bbox 1011 3812 1127 3872; x_wconf 88' lang='lat' dir='ltr'>cetera.</span> <span class='ocrx_word' id='word_1_299' title='bbox 1172 3807 1223 3872; x_wconf 88' lang='lat' dir='ltr'>Ne</span> <span class='ocrx_word' id='word_1_300' title='bbox 1240 3810 1320 3893; x_wconf 87' lang='lat' dir='ltr'>quis</span> <span class='ocrx_word' id='word_1_301' title='bbox 1337 3813 1434 3870; x_wconf 81' lang='lat' dir='ltr'>aulem</span> 
     </span>
     <span class='ocr_line' id='line_1_33' title="bbox 296 3899 1476 4001; baseline -0.003 -21"><span class='ocrx_word' id='word_1_302' title='bbox 296 3916 509 3981; x_wconf 87' lang='lat' dir='ltr'>ratiocinandi</span> <span class='ocrx_word' id='word_1_303' title='bbox 542 3917 794 3981; x_wconf 81' lang='lat' dir='ltr'>inconstantiam</span> <span class='ocrx_word' id='word_1_304' title='bbox 816 3916 894 3980; x_wconf 92' lang='lat' dir='ltr'>mihi</span> <span class='ocrx_word' id='word_1_305' title='bbox 917 3917 1046 4000; x_wconf 87' lang='lat' dir='ltr'>obiciat,</span> <span class='ocrx_word' id='word_1_306' title='bbox 1080 3917 1234 4001; x_wconf 89' lang='lat' dir='ltr'>quiante</span> <span class='ocrx_word' id='word_1_307' title='bbox 1261 3937 1434 3982; x_wconf 88' lang='lat' dir='ltr'>consonan·</span> <span class='ocrx_word' id='word_1_308' title='bbox 1475 3899 1476 3968; x_wconf 90' lang='grc'>1</span> 
     </span>
     <span class='ocr_line' id='line_1_34' title="bbox 296 4026 1434 4116; baseline -0.003 -25"><span class='ocrx_word' id='word_1_309' title='bbox 296 4031 361 4091; x_wconf 83' lang='grc'>10111</span> <span class='ocrx_word' id='word_1_310' title='bbox 393 4027 516 4111; x_wconf 88' lang='lat' dir='ltr'>positae</span> <span class='ocrx_word' id='word_1_311' title='bbox 543 4049 650 4091; x_wconf 83' lang='lat' dir='ltr'>rursus</span> <span class='ocrx_word' id='word_1_312' title='bbox 671 4028 793 4091; x_wconf 87' lang='lat' dir='ltr'>formae</span> <span class='ocrx_word' id='word_1_313' title='bbox 816 4028 877 4090; x_wconf 89' lang='lat' dir='ltr'>duo</span> <span class='ocrx_word' id='word_1_314' title='bbox 899 4026 963 4111; x_wconf 84' lang='lat' dir='ltr'>(vel</span> <span class='ocrx_word' id='word_1_315' title='bbox 985 4027 1062 4112; x_wconf 86' lang='lat' dir='ltr'>tria)</span> <span class='ocrx_word' id='word_1_316' title='bbox 1085 4027 1231 4116; x_wconf 82' lang='lat' dir='ltr'>exempla</span> <span class='ocrx_word' id='word_1_317' title='bbox 1255 4029 1434 4100; x_wconf 78' lang='lat' dir='ltr'>sollicitem,</span> 
     </span>
     <span class='ocr_line' id='line_1_35' title="bbox 295 4135 1437 4220; baseline -0.003 -20"><span class='ocrx_word' id='word_1_318' title='bbox 295 4138 345 4200; x_wconf 91' lang='lat' dir='ltr'>bis</span> <span class='ocrx_word' id='word_1_319' title='bbox 366 4137 468 4201; x_wconf 82' lang='lat' dir='ltr'>vocali</span> <span class='ocrx_word' id='word_1_320' title='bbox 490 4137 698 4220; x_wconf 89' lang='lat' dir='ltr'>praemissam</span> <span class='ocrx_word' id='word_1_321' title='bbox 720 4139 843 4201; x_wconf 86' lang='lat' dir='ltr'>tutatus</span> <span class='ocrx_word' id='word_1_322' title='bbox 866 4138 925 4200; x_wconf 90' lang='lat' dir='ltr'>sim</span> <span class='ocrx_word' id='word_1_323' title='bbox 947 4157 1059 4220; x_wconf 88' lang='lat' dir='ltr'>supra:</span> <span class='ocrx_word' id='word_1_324' title='bbox 1092 4139 1315 4220; x_wconf 85' lang='lat' dir='ltr'>reputandum</span> <span class='ocrx_word' id='word_1_325' title='bbox 1339 4135 1437 4202; x_wconf 86' lang='lat' dir='ltr'>estin</span> 
     </span>
     <span class='ocr_line' id='line_1_36' title="bbox 296 4244 1437 4333; baseline -0.001 -26"><span class='ocrx_word' id='word_1_326' title='bbox 296 4245 368 4308; x_wconf 91' lang='lat' dir='ltr'>hoc</span> <span class='ocrx_word' id='word_1_327' title='bbox 389 4268 506 4330; x_wconf 83' lang='lat' dir='ltr'>genere</span> <span class='ocrx_word' id='word_1_328' title='bbox 540 4247 738 4330; x_wconf 86' lang='lat' dir='ltr'>aliquantum</span> <span class='ocrx_word' id='word_1_329' title='bbox 771 4247 908 4311; x_wconf 86' lang='lat' dir='ltr'>valuisse</span> <span class='ocrx_word' id='word_1_330' title='bbox 935 4248 1030 4311; x_wconf 88' lang='lat' dir='ltr'>metri</span> <span class='ocrx_word' id='word_1_331' title='bbox 1052 4247 1325 4333; x_wconf 86' lang='lat' dir='ltr'>invitamentum,</span> <span class='ocrx_word' id='word_1_332' title='bbox 1361 4244 1437 4332; x_wconf 86' lang='lat' dir='ltr'>quod</span> 
     </span>
    </p>
   </div>
   <div class='ocr_carea' id='block_1_3' title="bbox 297 4353 1438 4440">
    <p class='ocr_par' dir='ltr' id='par_1_4' title="bbox 297 4353 1438 4440">
     <span class='ocr_line' id='line_1_37' title="bbox 297 4353 1438 4440; baseline 0.004 -25"><span class='ocrx_word' id='word_1_333' title='bbox 297 4353 419 4417; x_wconf 88' lang='lat' dir='ltr'>nullum</span> <span class='ocrx_word' id='word_1_334' title='bbox 442 4356 475 4419; x_wconf 92' lang='lat' dir='ltr'>in</span> <span class='ocrx_word' id='word_1_335' title='bbox 498 4356 568 4418; x_wconf 92' lang='lat' dir='ltr'>illo</span> <span class='ocrx_word' id='word_1_336' title='bbox 590 4356 662 4418; x_wconf 89' lang='lat' dir='ltr'>fuit.</span> <span class='ocrx_word' id='word_1_337' title='bbox 698 4355 810 4439; x_wconf 88' lang='lat' dir='ltr'>ltaque</span> <span class='ocrx_word' id='word_1_338' title='bbox 832 4359 929 4420; x_wconf 86' lang='lat' dir='ltr'>etiam</span> <span class='ocrx_word' id='word_1_339' title='bbox 941 4359 1015 4440; x_wconf 83' lang='lat' dir='ltr'>post</span> <span class='ocrx_word' id='word_1_340' title='bbox 1037 4357 1185 4420; x_wconf 84' lang='lat' dir='ltr'>Plautum</span> <span class='ocrx_word' id='word_1_341' title='bbox 1201 4381 1318 4422; x_wconf 79' lang='lat' dir='ltr'>rursus</span> <span class='ocrx_word' id='word_1_342' title='bbox 1334 4360 1438 4436; x_wconf 75' lang='lat' dir='ltr'>inferis</span> 
     </span>
    </p>
   </div>
   <div class='ocr_carea' id='block_1_4' title="bbox 0 0 1494 5148">
    <p class='ocr_par' dir='ltr' id='par_1_5' title="bbox 0 0 1494 5148">
     <span class='ocr_line' id='line_1_38' title="bbox 0 0 1494 5148; baseline 0 0"><span class='ocrx_word' id='word_1_343' title='bbox 0 0 1494 5148; x_wconf 95' lang='lat' dir='ltr'> </span> 
     </span>
    </p>
   </div>
  </div>
 </body>
</html>
