3094 5158
483 427 506 472 1.
538 425 842 476 uuunscumrruu.
1217 417 1235 480 7

121 581 262 662 habemus3
287 579 413 644 scilicet
441 578 651 663 Amphitruo,
682 579 850 662 Asinaria,
881 582 1062 665 Aulularia,
1092 584 1234 668 Captivi3

121 690 258 754 duodecim
278 693 385 754 autem
410 711 448 753 cx
471 689 575 770 lucro,
602 689 663 753 hae
686 693 777 753 sunt:
806 689 999 774 Bacchides,
1023 693 1233 776 Mostellaria,

120 798 308 884 lleoaechmi,
333 799 426 864 Miles
450 798 632 880 Gloriosus,
656 796 827 882 Mercator,
852 799 1037 884 Pseudolus,
1061 801 1232 885 Poenulus,

121 908 207 990 Persa,
227 909 364 991 Rudons,
389 908 529 992 Stichus,
554 908 770 992 Trinummus,
795 908 1017 976 Truculentns.
1063 911 1132 976 Has
1155 935 1234 977 non·

119 1019 178 1081 dum
203 1019 305 1103 aliquis
336 1019 559 1102 transcripsit,
594 1039 697 1104 neque
730 1019 815 1084 enim
849 1041 957 1084 earum
986 1021 1110 1105 copiam
1142 1023 1234 1087 nobis

118 1128 183 1192 lucit
197 1127 381 1193 Oardinalis:
404 1133 514 1192 tamen
537 1128 642 1192 adhuc
666 1129 773 1193 nullus
788 1133 916 1212 praeter
932 1152 982 1194 me
998 1133 1101 1214 petiit.
1140 1131 1235 1196 hiber

118 1241 157 1301 est
173 1237 230 1302 illis
249 1238 363 1302 litteris
387 1237 529 1322 antiquis
552 1238 721 1322 corruptis,
745 1237 854 1322 quales
877 1244 952 1305 suut
974 1240 1176 1324 Quintiliani,
1202 1246 1235 1306 et

118 1347 202 1411 multo
225 1347 254 1412 in
279 1348 391 1412 multis
418 1349 544 1412 desunt.
590 1346 666 1412 Non
692 1348 810 1412 faciam
837 1350 1025 1432 transcribi,
1055 1353 1117 1416 nisi
1145 1353 1233 1436 prius

119 1457 175 1520 illas
195 1457 306 1543 legero,
336 1462 434 1542 atque
463 1445 693 1521 emendavero}
725 1480 800 1520 nam
828 1460 891 1523 nisi
914 1461 975 1523 viri
997 1461 1113 1526 eruditi
1135 1485 1233 1527 manu

119 1567 281 1651 scribantur,
305 1567 431 1632 inutilis
454 1567 517 1630 erit
537 1567 637 1631 labor.
674 1565 795 1630 Verum
818 1567 942 1633 decrevi
965 1574 1133 1655 expectare
1156 1594 1232 1655 puu-

119 1675 183 1760 lum,
208 1683 372 1763 antequam
401 1677 537 1760 amplius
564 1677 604 1740 do
632 1677 682 1740 his
704 1676 816 1761 loquar
838 1677 1017 1762 Cardinnli3
1047 1703 1119 1745 cum
1147 1683 1233 1746 enim

118 1786 275 1872 instigator,
298 1788 464 1867 tumescit,
486 1786 615 1851 silentio
638 1807 688 1850 res
704 1787 835 1852 vilescet
850 1787 934 1871 opud
951 1795 1045 1852 eum!
1082 1789 1232 1875 Poggio’s

122 1895 257 1962 lldusche
284 1898 401 1962 sollten
430 1897 507 1960 aber
534 1895 618 1960 noch
644 1895 761 1982 litnger
789 1898 961 1981 getdusoht
991 1899 1133 1980 werden,
1167 1901 1233 1964 und

119 2007 163 2068 uir
180 2007 300 2074 letnucn
327 2030 388 2072 uns
416 2029 470 2071 um
498 2028 533 2070 so
555 2005 700 2090 weniger
727 2027 790 2070 von
820 2007 876 2070 der
898 2006 1135 2093 vollstttndigen
1159 2007 1233 2073 Mit-

118 2115 244 2202 theilung
274 2118 377 2182 seiner
408 2117 526 2182 darauf
556 2115 768 2200 bezilglichen
796 2115 925 2202 Klagen
958 2117 1150 2202 entbinden,
1185 2119 1232 2184 als

118 2226 230 2291 manche
245 2227 490 2312 Aeusserungen
508 2226 566 2290 auf
577 2223 811 2310 Verhdltnisse,
835 2225 887 2291 die
908 2226 962 2291 sttr
982 2250 1102 2293 unsern
1118 2229 1231 2294 Zweok

119 2333 366 2402 bcachtcnswerth
381 2337 464 2420 sind,
490 2337 543 2401 ein
558 2335 776 2400 eruunsehoes
791 2335 887 2401 Licht
901 2337 1034 2402 werden.
1072 2339 1111 2404 In
1127 2341 1231 2403 ciuem

118 2464 174 2508 vom
201 2448 220 2510 3
245 2446 430 2531 September
466 2447 578 2530 (1430)
613 2445 755 2510 datirten
782 2446 890 2511 Briefe
923 2445 994 2530 (IV,
1027 2448 1062 2510 11
1098 2472 1128 2532 p.
1153 2449 1230 2534 320)

118 2554 234 2620 schreibt
255 2579 302 2622 er:
331 2557 398 2622 ‘De
420 2556 536 2620 Plauto
564 2555 646 2620 nihil
674 2556 725 2640 egi
755 2557 839 2641 quod
861 2577 1024 2640 cuperem:
1058 2545 1232 2643 antequam

118 2663 270 2730 tadinatis
298 2667 491 2750 discederet,
520 2665 650 2750 rogavi,
679 2669 716 2730 ut
743 2665 921 2730 dimitteret
946 2666 1079 2750 librum,
1112 2668 1229 2734 noluit:

117 2793 168 2836 uon
192 2777 330 2862 intelligo
366 2777 549 2858 hominem,
583 2776 710 2841 videtur
737 2776 798 2838 sibi
825 2797 892 2840 rem
920 2797 1073 2861 magnam
1104 2778 1229 2860 fecisse,

118 2903 173 2946 cum
191 2889 293 2950 tamen
314 2887 397 2952 nihil
419 2887 524 2972 operis
548 2886 597 2950 sui
620 2883 767 2950 attulerit
781 2885 822 2950 ud
838 2886 905 2950 eius
921 2885 1152 2968 inventionem,
1176 2888 1231 2950 sed

118 2989 142 3052 id
159 2995 231 3079 agit,
259 2999 295 3060 ut
315 3020 372 3082 per
395 2996 492 3060 alium
515 2999 660 3080 repertus
682 2995 861 3059 occultetur
883 2995 923 3058 ob
946 3017 997 3058 eo:
1026 2994 1091 3059 dixi
1115 2997 1147 3058 et
1169 2996 1230 3059 sibi

119 3103 143 3162 ct
159 3105 222 3187 suis,
244 3128 293 3170 me
315 3129 480 3190 nunquam
503 3105 640 3189 amplius
662 3105 779 3169 librum
802 3105 977 3188 petiturum
1000 3102 1040 3167 ab
1056 3125 1107 3184 eo;
1131 3105 1230 3167 etita

119 3211 172 3274 liet:
191 3215 268 3280 malo
289 3216 461 3298 dediscere,
486 3215 569 3299 quod
592 3214 699 3297 didici,
723 3235 818 3297 quum
838 3235 896 3297 per
914 3213 983 3284 eius
998 3211 1096 3276 libros
1111 3211 1230 3296 aliquid

118 3317 236 3387 discere!
280 3325 419 3390 Findlich
441 3329 535 3388 unter
557 3325 629 3388 dem
651 3324 810 3389 6Jauuar
827 3323 904 3388 1431
930 3321 1001 3406 (IV,
1027 3323 1063 3386 17
1088 3345 1118 3406 p.
1136 3323 1229 3408 339):
1321 3371 1326 3380 .

118 3425 257 3498 ‘Plautum
279 3435 435 3500 hactenus
462 3457 528 3498 non
556 3436 645 3519 potui
668 3434 800 3515 habere3
829 3455 917 3496 nune
939 3433 966 3496 si
988 3454 1129 3517 possem,
1163 3433 1229 3496 nol-

117 3535 177 3620 lcuu
209 3543 416 3629 polliceorque
453 3544 512 3608 tibi
549 3567 600 3608 me
636 3565 800 3628 nunquam
834 3543 970 3626 amplius
1002 3543 1178 3627 petiturum
1211 3565 1230 3605 a

118 3643 269 3738 Cardinali,
297 3676 401 3740 neque
428 3654 584 3719 lecturum
612 3654 681 3718 istis
710 3652 812 3716 tribus
836 3654 946 3734 aruris,
976 3652 1073 3716 etiam
1097 3652 1122 3715 si
1146 3651 1229 3716 ultro

118 3763 323 3830 concederetur.
375 3765 615 3829 Transcribitur
648 3762 757 3846 modo,
790 3761 935 3845 donoque
969 3762 1116 3826 mittetur
1148 3761 1230 3825 Duei

117 3861 262 3938 Mediolani
270 3875 312 3960 ⁵),
340 3876 489 3960 quicum
516 3896 574 3959 per
602 3873 726 3937 litteras
754 3871 938 3954 postulavit.
983 3870 1128 3936 Marehio
1151 3872 1227 3933 ite-m
1248 3883 1295 3931 159

118 3969 334 4070 lemensisss)
357 3985 465 4068 petiit:
494 3983 622 4047 dabitur
648 3982 728 4064 illis,
753 3979 869 4044 sedita
893 3985 1075 4065 corruptus,
1099 3983 1135 4041 ut
1156 3999 1229 4040 vere

119 4143 290 4166 κ-

170 4250 345 4325 ⁵)‘Phi1ipp0
362 4253 483 4310 Mariae’
503 4251 620 4308 Tonelli.

170 4343 192 4406 6)
208 4343 362 4400 ‘beonelluo
380 4345 518 4402 Estensis’
543 4345 658 4400 Tonelli.
694 4344 773 4399 Nach
794 4345 891 4398 Mehue
915 4343 1021 4397 steckte
1041 4339 1158 4402 Guarini
1176 4357 1230 4396 von

118 4423 208 4488 lerona
233 4437 365 4494 dahintor.
396 4469 430 4480 -·
458 4439 526 4494 Eine
548 4455 603 4493 von
625 4437 734 4503 diesen,
756 4437 824 4490 tdor
848 4435 907 4490 eine
931 4451 1001 4504 ganz
1025 4431 1152 4488 bhuliohe
1173 4435 1228 4490 Ab·
