2996 5148
429 397 649 464 ¹varunoovra
672 397 859 446 ansverus.
1155 385 1218 448 4⁸25

96 551 247 636 pristinam
283 571 383 631 nuque
419 551 505 616 vocis
542 551 678 616 formam
714 553 852 636 primum
889 553 1082 618 Decurtatus
1120 555 1217 618 codex

96 663 201 746 Plauti,
235 661 329 746 plane
364 665 459 746 atque
491 663 611 746 liquido
638 664 792 747 scriptum
819 664 957 748 prodens
985 671 1057 744 quin
1085 675 1118 729 tu
1145 671 1218 730 isles

95 781 190 838 omittis
220 795 364 853 nespas
392 773 579 838 Mercatoris
601 772 642 856 V,
666 775 698 857 2,
721 773 782 838 201
814 771 912 863 [942].
957 773 1092 839 Accedit
1116 779 1217 840 retus-

94 885 146 948 tior
165 886 260 950 etiam
283 883 477 970 diphthongi
497 883 591 948 testis
607 883 840 948 Ambrosianus
863 883 964 968 liber,·
980 885 1069 950 euius
1091 886 1126 949 in
1148 885 1217 950 Tri-

93 997 201 1060 nummi
228 1019 257 1059 v.
282 995 346 1060 844
371 995 524 1060 memoria
545 1015 659 1080 parum
680 993 757 1058 olim
779 995 872 1060 nobis
894 995 1077 1079 intellecta,
1107 1013 1218 1060 noae·

93 1107 426 1188 rrsnsunaroaras*),
449 1105 504 1169 ubi
526 1111 571 1170 ad
591 1113 668 1170 artis
684 1112 866 1184 natatoriae
888 1106 996 1188 ceteri,
1020 1128 1107 1171 nunc
1129 1129 1218 1191 pror-

91 1239 136 1280 sus
160 1239 224 1281 non
252 1217 434 1281 dubitamus
462 1217 540 1300 quin
571 1217 611 1280 ad
638 1224 892 1295 neapotoar'os
919 1217 1055 1281 formam
1084 1221 1216 1302 spectet.

91 1327 234 1392 incertius
263 1331 327 1411 est,
364 1328 420 1393 sed
447 1331 556 1391 tamen
585 1349 649 1392 non
678 1327 1000 1412 praetermittendum
1027 1328 1218 1392 indiciorum

91 1437 156 1502 sslud
177 1461 294 1524 genus,
324 1437 407 1524 quod
436 1459 453 1502 e
476 1438 678 1502 librariorum
707 1437 866 1502 erroribus
895 1441 985 1522 petas
1008 1437 1105 1502 nimis
1128 1439 1216 1503 miris

89 1571 138 1634 pro
158 1549 295 1614 usitatae
323 1550 410 1614 vocis
432 1547 648 1632 simplicitate.
694 1548 771 1612 Tale
801 1552 849 1635 est
876 1549 1016 1614 eiusdem
1038 1549 1217 1614 Trinummi

88 1682 111 1722 v.
133 1659 191 1724 900
218 1659 360 1743 positum
386 1660 422 1722 in
443 1659 561 1724 Vetere
583 1661 615 1722 et
637 1658 798 1724 Vaticano
820 1671 1003 1739 suparatur,
1035 1659 1069 1723 in
1099 1659 1217 1724 Decur-

87 1773 146 1834 tato
167 1782 357 1849 caperetur:
382 1770 471 1834 euius
494 1769 693 1853 corruptelae
717 1770 776 1834 etsi
799 1771 850 1834 via
866 1773 898 1834 et
920 1791 1107 1855 progressus
1130 1775 1217 1836 certo

86 1881 229 1965 explicari
263 1881 389 1965 nequit,
427 1881 517 1965 origo
544 1882 654 1944 tamen
681 1880 745 1945 nisi
772 1879 914 1944 fallimur
950 1903 988 1944 ex
1022 1881 1132 1945 eadem
1162 1881 1218 1945 illa

86 2005 273 2071 carpatur
293 1991 397 2056 forma
417 1991 594 2076 repetenda
609 1993 668 2055 est.
698 1990 881 2076 Eodemque
904 1989 1046 2075 pertinet
1066 1989 1214 2074 fortasse,

84 2101 157 2186 quod
196 2103 232 2166 in
267 2100 485 2166 Menaechmis
520 2123 549 2166 v.
573 2101 615 2166 86
643 2124 764 2181 nra-poe
799 2103 833 2166 in
862 2100 979 2166 Vetere
1006 2103 1113 2165 exstat
1145 2124 1218 2166 cum

84 2213 168 2278 mins
189 2213 318 2278 litterae
340 2233 407 2276 non
430 2233 508 2277 sane
531 2215 617 2296 ante,
641 2212 696 2277 sed
718 2215 791 2296 post
813 2236 832 2278 e
854 2211 962 2276 litura.
1001 2210 1121 2276 Verum
1145 2235 1217 2298 gra-

82 2324 143 2388 uius
164 2323 387 2390 testimonium
409 2326 521 2406 restat,
544 2323 639 2408 idque
662 2325 694 2386 et
716 2325 862 2406 apertum
885 2326 918 2386 et
939 2322 1096 2407 imprimis
1120 2326 1216 2408 adpo-

82 2433 169 2500 situm
198 2434 241 2499 ad
270 2433 519 2518 persuasionem.
565 2433 650 2497 Nam
677 2432 857 2497 Trinummi
887 2454 915 2496 v.
938 2433 1000 2498 856
1028 2433 1112 2517 quod
1132 2434 1218 2498 idem

82 2545 170 2610 codex
192 2567 258 2610 neo
278 2565 376 2624 acque
390 2565 452 2609 nec
465 2565 594 2624 adapes,
619 2543 676 2607 sed
698 2545 816 2624 n‘oqos
838 2546 993 2627 praestat,
1017 2546 1125 2608 utrum
1141 2566 1218 2608 casu
1241 2531 1247 2541 “

80 2661 241 2738 peceatum
275 2655 460 2740 putabimus
492 2677 535 2718 an
568 2653 607 2718 ad
640 2653 766 2718 illorum
802 2653 960 2716 rationem
996 2653 1217 2720 revocabimus

79 2789 152 2850 quae
174 2769 257 2831 sunt
278 2772 363 2832 aella
385 2769 418 2830 et
441 2772 512 2843 olto,
537 2771 695 2830 saeculari
708 2767 741 2828 et
757 2770 899 2845 osculari,
921 2765 1093 2844 plaudoet
1110 2771 1214 2847 piade,

76 2885 244 2957 plorabam
267 2879 300 2940 et
316 2884 476 2959 plostrum,
505 2881 630 2955 plautus
656 2881 795 2940 Plautius
817 2877 849 2939 et
864 2881 968 2954 protus
990 2873 1128 2938 Plotius?
1172 2872 1217 2937 Vt

79 2988 190 3071 triplici
214 3010 251 3052 se
274 2986 494 3051 vicissitudine
508 3007 630 3064 caepae
644 3007 742 3065 nopae
755 3006 855 3064 nuque
876 2985 997 3048 formae
1020 2982 1214 3066 exceperint,

79 3097 166 3180 plane
195 3101 235 3163 ut
264 3120 284 3161 a
305 3103 432 3162 claudus
454 3102 597 3162 Claudias
623 3103 768 3161 claudere
795 3115 852 3178 per
879 3099 985 3158 clodus
1013 3099 1134 3159 Clodius
1155 3099 1251 3158 clo-v

77 3214 143 3273 dere
164 3209 261 3295 (item
283 3207 452 3292 clodieare)
480 3205 600 3270 formas
627 3206 800 3270 transitum
829 3206 877 3267 est
900 3203 938 3268 ad
962 3209 1070 3272 eludas
1094 3209 1217 3269 Clodius

76 3327 203 3386 cludere.
241 3319 302 3384 Vel
326 3339 345 3381 a
366 3322 485 3382 raudus
506 3316 776 3401 Rauduscula(na)
798 3325 857 3398 per
878 3319 972 3378 rodus
994 3319 1216 3380 Bodusculoao

76 3431 111 3494 ad
137 3437 238 3496 rudus
269 3434 506 3494 Radusculona:
543 3426 582 3491 de
610 3427 724 3510 quibus
753 3424 917 3490 adeundus
947 3425 1059 3488 Festus
1087 3447 1118 3508 p.
1142 3425 1215 3491 265.

76 3541 132 3606 275
154 3563 229 3606 cum
254 3537 495 3626 interpretibus.
532 3535 619 3624 [Alia
642 3537 760 3602 similia
782 3555 881 3620 eaque
905 3557 943 3599 ex
965 3538 1058 3618 parte
1081 3536 1217 3620 exquisi-

75 3652 150 3716 tiora
173 3651 250 3716 vide
273 3649 358 3733 apud
380 3647 592 3713 Ribbeckium
608 3646 911 3730 Fleckeisenumque
933 3647 968 3709 in
983 3644 1078 3710 huius
1094 3645 1215 3710 Annei.

74 3761 148 3844 phil.
171 3767 197 3826 t.
225 3761 269 3825 77
293 3765 335 3842 (a.
362 3757 456 3840 1858)
480 3779 510 3841 p.
537 3755 621 3846 lea]

136 3985 162 4053 ⁸)
182 3981 266 4054 [Non
283 3979 329 4044 sie,
348 3979 397 4034 sed
416 3996 628 4033 nnurcrroarss
646 3977 739 4047 potius
751 3975 808 4030 illic
825 3975 960 4047 scriptum
978 3991 1038 4029 esse
1052 3974 1217 4028 Studemun-

73 4076 119 4130 due
136 4077 240 4130 namet
258 4072 348 4127 Musei
365 4072 452 4127 Rhen.
471 4074 491 4126 t.
509 4071 573 4126 XXI
590 4091 617 4141 p.
637 4077 695 4124 616.
721 4069 774 4136 Qui
792 4087 854 4124 cum
871 4068 957 4122 Brixii
975 4068 1011 4122 ad
1030 4067 1105 4120 Trin.
1125 4085 1149 4122 v.
1166 4073 1217 4121 396

73 4169 287 4224 adnotationem
307 4165 416 4232 laudat,
443 4165 498 4222 etsi
519 4181 696 4234 nequequam
720 4163 811 4219 habeo
834 4163 909 4231 quod
930 4161 959 4214 in
981 4158 1030 4212 illa
1052 4159 1216 4228 vituperem,

72 4265 162 4318 tamen
180 4261 301 4333 praeter
319 4276 353 4314 ea
369 4258 443 4330 ipra,
472 4275 543 4328 quae
567 4257 700 4312 decennio
724 4258 788 4311 ante
812 4271 865 4324 ego
887 4253 1055 4320 docuissem,
1082 4269 1117 4307 ne
1134 4253 1218 4310 nauci
1298 4257 1300 4262 ’

73 4353 179 4423 quidem
198 4351 282 4424 quod
299 4354 374 4407 esset
395 4353 435 4408 ibi
452 4353 593 4423 prolatum
611 4349 726 4420 inveni]

546 4513 578 4520 ....
602 4510 748 4520 --..---.—.
