3002 5150
394 421 570 472 11111111
592 421 662 470 vou
688 417 885 472 acreacre.
1067 435 1068 440 ¹
1148 411 1212 478 665

85 599 178 642 versus
200 577 297 641 rerba
318 576 365 642 sic
386 576 526 661 possint,
555 597 669 662 parum
690 578 818 662 quidem
846 578 1021 664 eleganter,
1047 581 1212 648 collocari:

84 693 216 753 domnum
239 693 365 753 alterius
386 709 413 752 e.
430 710 461 772 q.
477 709 515 772 1.,
540 691 573 752 11
593 688 690 753 tertio
712 687 781 752 tolli
795 689 1007 773 praepositio:
1037 697 1116 756 Vitio
1137 699 1212 756 clte-

83 805 275 878 111111ρί111
296 821 323 862 e.
347 820 378 883 q.
402 819 446 862 s.:
473 801 583 863 tamen
610 798 660 862 vel
682 801 893 883 transponere
915 800 1012 864 verba
1035 801 1085 865 vel
1108 802 1211 867 eicere

85 932 144 974 eum
164 931 214 974 res
237 911 280 974 sit
301 907 380 974 satis
403 908 510 992 dubia,
533 911 602 973 tum
624 908 811 992 plenissima
834 909 1044 976 dubitationis
1067 915 1132 996 est,
1155 913 1211 977 ubi

84 1043 138 1088 uon
156 1020 260 1104 modo,
285 1042 341 1084 cur
362 1020 463 1084 sinta
485 1019 624 1084 librariis
646 1019 783 1084 traiecta
797 1020 847 1084 vel
868 1022 982 1105 eiecta,
1006 1044 1119 1107 parum
1142 1043 1211 1107 per·

83 1133 216 1216 spiritur,
247 1131 422 1197 sedetiam
449 1131 482 1194 id
504 1130 574 1194 fieri
595 1130 649 1194 vir
676 1131 816 1215 potuisse
843 1134 911 1194 tam
939 1133 1032 1217 gravi
1053 1133 1212 1198 evincitur

85 1247 275 1330 argumento,
299 1241 392 1327 quale
413 1240 474 1306 hoc
497 1242 561 1322 est,
591 1241 675 1325 quod
696 1239 874 1306 Publianae
896 1243 1078 1308 sententiae
1100 1265 1210 1309 secun-

84 1355 147 1418 dum
166 1354 345 1419 litterarum
368 1352 511 1418 ordinem
526 1351 682 1436 perscribi
705 1351 817 1416 solitae
833 1356 936 1417 erant.
981 1353 1055 1419 Huc
1076 1353 1210 1438 accedit,

83 1465 154 1549 quod
174 1465 208 1529 in
230 1463 459 1550 posterioribus
486 1462 609 1526 duobus
631 1462 776 1527 versibus
802 1463 932 1548 quaeris
956 1465 1136 1550 corrigendi
1158 1465 1211 1530 ria

83 1575 195 1640 ridetur
215 1574 391 1640 interclusa
413 1595 491 1638 esse.
536 1573 649 1656 Itaque
672 1593 732 1657 ego
754 1576 820 1637 tres
842 1573 913 1638 illos
930 1596 1038 1638 versus
1054 1573 1126 1658 Syri
1142 1597 1211 1640 esse

80 1708 163 1771 nego.
211 1685 280 1750 Nec
307 1685 425 1750 desunt
449 1684 543 1748 huius
570 1684 750 1747 sententiae
778 1687 984 1769 argumenta:
1013 1706 1094 1768 quae
1122 1685 1148 1749 si
1173 1707 1211 1749 ex

42 1869 44 1872 ¹
81 1796 195 1861 dicendi
215 1817 334 1882 genere
356 1794 463 1859 omnia
486 1796 593 1858 essent
607 1793 719 1877 petita,
743 1815 793 1857 res
817 1793 964 1858 confecta
987 1797 1085 1877 essct3
1108 1795 1163 1858 sed
1178 1796 1211 1860 id

80 1906 228 1972 inunum
254 1909 382 1970 tantum
410 1903 590 1988 exemplum
619 1904 715 1968 cadit.
765 1901 843 2000 Quis
873 1907 923 1968 est
945 1903 1032 1968 enirn
1053 1904 1211 1987 probatis·

81 2017 220 2082 simorum
241 2016 414 2081 latinitatis
437 2017 614 2096 auctorum,
638 2014 688 2078 cui
711 2019 798 2078 baad
817 2014 1011 2078 tantundem
1032 2014 1140 2079 valeat
1162 2019 1211 2080 at·

80 2148 132 2210 que
153 2127 210 2192 rae?
231 2126 370 2190 hancine
392 2124 608 2208 stribligincm
630 2123 764 2209 diguam
785 2126 880 2208 poeta
902 2124 1058 2188 iudicabis
1080 2129 1213 2210 propter

80 2238 222 2302 sermonis
244 2235 468 2301 castimoniam
484 2234 662 2298 collaudato
686 2234 905 2299 crateribus?
926 2233 1012 2298 Nam
1033 2236 1210 2300 coniuncti-

80 2369 129 2410 rus
149 2347 200 2412 ille
221 2353 307 2412 haud
324 2351 430 2424 facitis
451 2345 515 2410 nisi
539 2347 602 2410 vim
623 2345 758 2411 haberet
778 2344 978 2429 imperativi,
1006 2345 1095 2410 nullo
1117 2349 1213 2430 pacto

80 2458 253 2522 1111111111
274 2459 309 2522 in
332 2457 528 2522 sententiam
549 2479 644 2541 quam
666 2459 784 2521 vocant
807 2477 1016 2521 communem.

154 2568 241 2645 Quod
271 2570 378 2632 autern
405 2567 519 2652 reliqui
546 2588 655 2630 versus
684 2567 751 2630 eius
779 2567 864 2631 modi
892 2567 985 2651 lapsu
1012 2571 1145 2651 vacant,
1175 2590 1213 2632 eo
1232 2579 1263 2628 18

81 2678 154 2744 nihil
174 2680 329 2764 probatur
350 2677 413 2742 nisi
428 2676 499 2760 boc,
523 2677 665 2761 potuisse
687 2698 795 2742 eorum
816 2677 1026 2742 fabricatores
1042 2676 1213 2761 aliquando

81 2789 167 2855 etiam
190 2811 302 2870 cavere
326 2789 404 2854 vitia
425 2787 585 2873 loquendi.
632 2787 693 2852 Sed
715 2787 854 2851 librariis
883 2787 954 2872 quis
976 2788 1106 2872 ignorat
1128 2787 1213 2871 quic-

81 2921 166 2982 quam
188 2923 247 2966 usu
270 2899 397 2965 venisse
412 2899 613 2984 frequentius
628 2921 723 2983 quam
739 2897 858 2962 similes
873 2897 960 2962 inter
974 2919 1007 2960 se
1023 2897 1212 2978 sententias,

78 3031 149 3093 quas
174 3011 359 3076 memoriola
387 3009 631 3094 suppeditabat,
667 3007 812 3072 conferre
840 3011 935 3091 atque
963 3006 1096 3071 alteram
1119 3005 1212 3070 alteri
1274 3085 1279 3096 ι

78 3120 270 3186 adscribere?
298 3143 360 3205 quo
382 3121 592 3202 factumest,
621 3123 658 3183 ut
679 3119 778 3183 etiam
799 3117 993 3201 optimorum
1021 3117 1212 3201 scriptorum

78 3228 143 3294 libri
163 3235 212 3296 tot
234 3232 313 3296 locis
337 3233 616 3315 corrumperentur
645 3232 678 3292 et
705 3227 987 3311 interpolarentur.
1032 3225 1212 3291 Easdemne

77 3339 213 3408 librarios
235 3341 343 3407 credes
364 3340 531 3404 libidinem
552 3340 728 3405 coercuisse
750 3359 850 3421 suam,
874 3337 928 3400 ubi
951 3335 1095 3420 singulos
1116 3338 1212 3400 versi-

80 3451 158 3516 culos
185 3475 244 3518 nec
273 3451 340 3516 ullo
367 3453 547 3516 sententiae
576 3450 704 3514 vinculo
732 3449 817 3512 inter
845 3469 879 3512 sc
902 3467 1038 3511 conexos
1060 3449 1213 3512 transcri-

78 3559 205 3627 berent?
228 3562 397 3628 eosdemne
418 3583 532 3625 manus
548 3561 740 3625 abstinuisse
763 3559 804 3622 ab
820 3557 1049 3641 adspergendis
1071 3557 1213 3622 inseren-

77 3669 179 3756 disque
200 3672 376 3756 versiculis,
400 3695 477 3757 quos
500 3672 550 3736 vel
573 3671 815 3735 recordarentur
830 3665 880 3731 vel
902 3688 959 3732 suo
982 3668 1118 3732 artificio
1141 3690 1213 3732 eon·

78 3785 224 3847 suerent?
261 3784 388 3867 quando
420 3781 529 3867 pusilli
566 3780 691 3866 ingenii
727 3776 941 3842 imbecillitati
974 3776 1055 3841 nihil
1088 3781 1215 3860 poterat

77 3892 230 3977 acceptius
258 3915 327 3958 esse
356 3896 451 3978 atque
485 3891 665 3976 exoptatius
693 3911 789 3973 quarn
817 3888 1042 3972 pervulgatam
1074 3885 1214 3970 aliquam

77 4005 263 4068 sententiam
296 4007 328 4068 et
357 4003 519 4068 cotidiana
558 3998 786 4065 consuetudine
820 3998 992 4062 contritam
1027 3997 1062 4060 11
1095 3995 1215 4060 senarii

79 4111 201 4179 iambici
228 4115 309 4178 fines
338 4113 428 4198 quasi
455 4111 617 4178 infercire.
669 4107 731 4174 Sed
757 4107 1024 4190 intemperantior
1051 4106 1120 4170 sinc
1148 4105 1215 4171 ulla

78 4225 285 4290 conuoversia
307 4223 465 4288 editorum
492 4222 554 4286 fuit
576 4219 683 4284 libido.
734 4217 839 4282 Publii
866 4217 951 4282 enim
973 4215 1043 4300 Syri
1067 4216 1215 4282 versiculi

78 4353 144 4396 cum
164 4337 283 4419 partim
310 4333 428 4398 servati
456 4333 524 4396 siut
545 4355 564 4395 a
588 4330 746 4394 veteribus
774 4327 964 4413 quibusdam
992 4326 1213 4412 scriptoribus,

78 4441 159 4510 velut
184 4467 203 4509 a
231 4445 370 4528 Seneca,
401 4443 522 4527 Gellio,
552 4439 732 4524 Macrobio,
765 4439 883 4526 partim
906 4437 1080 4524 separatim
1103 4439 1215 4524 scripti
