3284 5152
373 408 374 411 ,
415 341 475 404 150
677 339 769 398 baua
798 351 858 397 ma
881 351 1006 397 namur
1029 349 1095 397 aas
1119 348 1285 395 rasurus.

411 511 462 574 ein
497 508 647 593 gewisses
671 504 821 578 Gewieht
840 504 1078 585 einzuri‘mmen,
1112 502 1154 565 ist
1182 500 1265 564 doeh
1295 500 1450 565 wahrlieh
1471 499 1539 563 hun-

410 617 545 685 dertmal
567 614 852 681 dankenswerther
874 615 931 697 als,
955 614 1015 677 wie
1039 613 1167 695 Gruter,
1192 612 1271 675 alle
1293 611 1400 675 solehe
1428 611 1540 695 Spuren

411 727 688 795 alterthiimlioher
716 726 902 791 Sohreibart
938 722 1211 807 stillschweigend
1248 723 1309 785 mit
1344 723 1401 785 der
1428 721 1543 806 glatten

412 841 557 924 Eleganz
580 837 748 902 modemer
764 836 967 902 Convenienz
990 857 1028 897 zu
1051 832 1264 915 verwisehen3
1282 831 1456 916 jedenfalls
1477 832 1544 894 aber

411 952 469 1015 hat
496 971 529 1014 es
558 972 623 1034 gar·
639 948 746 1011 niehts
769 947 897 1031 gemein
919 945 980 1008 mit
1002 945 1072 1007 dem
1095 943 1248 1007 Vorwarf
1268 942 1323 1006 der
1344 942 1544 1026 Nachliissig-

412 1062 480 1125 keit
516 1059 581 1124 und
611 1059 710 1141 llige.
749 1095 791 1105 —-
827 1033 911 1120 lline
940 1055 1088 1138 Gattung
1124 1076 1185 1117 von
1214 1053 1407 1118 Vorwiirfen
1436 1055 1470 1117 in
1497 1054 1547 1116 der

412 1169 640 1237 Gruter'sehen
671 1168 810 1232 Vorrede
838 1167 969 1230 kbnnen
1006 1166 1064 1228 wir
1093 1187 1152 1228 uns
1180 1164 1273 1228 nieht
1299 1187 1457 1250 versagen
1485 1164 1547 1227 hier

411 1279 558 1346 wbrtlieh
580 1277 813 1360 mitzutheilen,
837 1277 908 1340 weil
932 1298 965 1339 er
981 1276 1081 1340 damit
1096 1297 1201 1360 gegen
1218 1275 1329 1339 seinen
1344 1274 1467 1340 Willen
1483 1276 1547 1339 dem
1637 1350 1638 1373 ,

412 1392 532 1455 Pareus
562 1390 623 1453 den
652 1389 802 1473 gr'oszten
831 1386 1016 1470 Lobspmeh
1043 1385 1192 1451 ertheilt„
1230 1385 1311 1449 Was
1339 1386 1472 1450 erstlieh
1499 1410 1547 1449 an-

412 1502 509 1585 lange
532 1500 583 1563 die
606 1499 763 1582 scriptura
786 1498 842 1560 der
864 1519 919 1560 sex
942 1499 1063 1580 septem
1090 1495 1242 1577 Palatini,
1266 1496 1406 1580 ‘aliquot
1427 1498 1548 1580 quidem

345 1632 395 1679 559
413 1612 551 1697 paginas
574 1609 714 1673 excussit
729 1608 896 1689 GruternS,
920 1606 974 1670 sed
997 1607 1030 1669 id
1052 1629 1151 1670 unum
1173 1606 1395 1690 deprehendit,
1418 1607 1501 1672 nihil
1522 1611 1549 1670 te
1638 1652 1639 1684 ,

414 1723 528 1785 fecisse
558 1742 674 1804 operae
701 1718 857 1803 pretium,
895 1720 1085 1801 occupatum
1113 1717 1212 1781 fuisse
1234 1718 1339 1802 magis
1361 1720 1395 1782 in
1419 1742 1551 1805 parergo
1638 1695 1639 1704 ἵ

415 1855 511 1917 qnam
533 1832 568 1895 in
591 1852 677 1915 ergo.
706 1829 839 1913 Integra
862 1827 989 1911 quidem
1011 1828 1206 1891 variantium
1222 1828 1397 1892 lectionum
1411 1830 1551 1914 plaustra

416 1942 617 2023 cumulasti„
631 1941 686 2004 sed
715 1940 799 2003 eirea
828 1961 865 2002 ea
884 1938 966 2021 loca,
989 1961 1070 2022 quae
1092 1959 1186 2002 nemo
1209 1961 1350 2023 unquam
1374 1942 1502 2005 vocavit
1522 1941 1551 2004 in
1639 2019 1640 2022 Ἴ

416 2052 674 2116 controversiam.
712 2088 754 2098 -
790 2047 958 2124 -Quare
995 2048 1142 2112 incubuit
1177 2050 1281 2133 magis
1319 2049 1553 2116 Camerarianis

415 2163 556 2227 eiusdem
576 2160 880 2243 librariaeeivibus,
904 2160 937 2223 in
962 2159 1076 2243 quibus
1099 2166 1207 2223 tamen
1231 2180 1330 2243 aeque
1347 2161 1404 2246 (l)
1429 2165 1463 2226 te
1485 2163 1553 2225 ridi-

416 2272 521 2337 culum
543 2271 729 2355 praebuisti,
764 2271 860 2333 miser
883 2270 1022 2333 Ardelio.
1048 2272 1133 2332 certe
1156 2269 1236 2332 nihil
1259 2271 1350 2354 pravi
1374 2268 1553 2354 restituisti,

416 2382 497 2446 nihil
521 2382 609 2467 aegri
631 2381 855 2465 persanavisti,
879 2380 961 2443 nihil
983 2380 1082 2443 laxati
1107 2381 1323 2463 composuisti,
1347 2380 1431 2445 nihil
1457 2383 1555 2447 debile

417 2492 616 2577 supplevisti,
645 2490 727 2554 nihil
751 2490 824 2553 falsi
846 2490 1010 2572 notavisti,
1041 2491 1123 2574 quod
1146 2496 1223 2553 non’
1249 2491 1339 2574 (man
1363 2481 1444 2556 bird
1469 2494 1557 2558 nieht

418 2604 530 2666 rathen
568 2625 632 2665 was
669 2601 805 2686 kommt)
834 2605 943 2664 ‘antea
971 2604 1004 2663 et
1030 2601 1121 2684 pueri
1149 2605 1318 2665 noverant.
1370 2602 1454 2678 Quid
1484 2626 1556 2690 ergo

417 2712 632 2797 praestitisti?
664 2710 763 2794 quid?
795 2734 882 2775 nuno
904 2733 1097 2795 pronomen,
1126 2735 1213 2775 nune
1236 2712 1442 2796 adverbium,
1476 2739 1558 2780 nuno

417 2823 608 2907 enelytieam
632 2821 745 2884 Plauto
768 2820 979 2904 redonavisti,
1010 2822 1124 2905 quibus
1147 2844 1257 2885 versus
1280 2823 1409 2905 quidem
1432 2848 1558 2910 perver-

418 2937 551 2997 teretur'
582 2931 653 3016 (das
682 2931 803 2994 konnte
828 2931 946 2995 Gruter
974 2955 1008 2994 so
1046 2932 1153 3017 wenig
1180 2928 1381 2997 beurtheile'n
1418 2938 1482 3001 wie
1505 2937 1559 3001 Pa·

417 3046 513 3129 tous),
539 3042 632 3106 ‘nihil
656 3045 762 3105 autem
787 3041 953 3105 accederet
975 3043 1082 3105 sensui
1107 3047 1162 3106 aut
1183 3042 1308 3128 gratiae
1331 3048 1388 3107 aut
1421 3014 1558 3112 veneris.

417 3154 541 3218 Deinde
563 3151 746 3237 potissimus
768 3151 858 3215 fuisti
881 3151 912 3215 in
938 3152 1106 3216 enotandis
1130 3153 1269 3237 vocibus,
1294 3153 1348 3217 ubi
1372 3177 1411 3219 ne
1433 3159 1561 3223 exhibe-

418 3263 512 3326 batur
534 3262 603 3326 sine
625 3262 836 3347 diphthongo,
861 3265 917 3324 aut
938 3284 1018 3343 non3
1056 3262 1110 3326 ubi
1130 3248 1286 3348 aspiratio
1308 3270 1328 3328 b
1351 3270 1408 3328 aut
1440 3270 1561 3332 anfere-

418 3371 512 3433 hatur
535 3371 630 3434 verbo
653 3375 708 3434 aut
730 3372 903 3436 accedebat
923 3375 1050 3456 praeter
1072 3373 1229 3436 rationem
1244 3374 1404 3439 scribendi
1422 3399 1563 3443 eommu-

420 3501 510 3562 nem,
533 3481 587 3543 ubi
604 3479 739 3563 denique
762 3482 992 3567 orthographia
1006 3483 1074 3546 aevi
1097 3483 1182 3547 illius
1198 3483 1401 3567 demigrabat
1416 3487 1462 3549 ab
1479 3488 1563 3551 hodi-

421 3612 509 3653 erna.
554 3587 648 3652 Vnde
675 3611 799 3673 semper
826 3597 882 3656 aut
909 3594 1165 3677 frequentissime
1193 3595 1365 3679 oggessisti
1394 3618 1434 3659 ea
1458 3599 1563 3680 nobis,

419 3722 499 3785 quae
514 3700 665 3763 lectorem
679 3705 843 3765 morentur
857 3703 963 3786 potius
978 3727 1075 3787 quam
1090 3703 1272 3788 expediant'
1285 3728 1316 3768 u.
1330 3728 1355 3768 s.
1365 3728 1405 3770 w.
1419 3746 1465 3756 —
1479 3708 1564 3773 End-

419 3809 484 3875 lioh
497 3811 540 3874 ist
562 3800 662 3874 nieht
676 3832 713 3872 zu
736 3811 924 3897 iibersehen,
949 3814 1022 3877 dass
1045 3815 1098 3878 ein
1113 3814 1204 3879 Theil
1227 3815 1283 3879 der
1304 3815 1490 3884 lrrthnmer
1513 3820 1565 3884 des

418 3920 537 3986 Pareus
553 3919 764 3986 aussohreib-
778 3923 842 3986 und
854 3923 1151 4010 Dmelfehlern102)
1162 3927 1287 4009 beruht,
1302 3926 1352 3989 die
1367 3949 1403 3990 er
1418 3928 1521 3993 theils
1532 3930 1565 3993 in

419 4031 480 4095 den
502 4031 620 4096 Errata
643 4052 695 4095 am
718 4030 847 4097 Sehluss
870 4033 925 4097 der
947 4034 1117 4120 Ausgabe,
1148 4036 1318 4100 besonders
1341 4037 1419 4101 aber
1442 4039 1480 4104 in
1504 4041 1565 4104 den

488 4288 546 4353 102)
576 4285 657 4341 Siehe
676 4305 698 4339 a.
717 4286 747 4339 B.
766 4305 799 4339 zu
817 4286 916 4340 Bacch.
936 4287 975 4354 II,
997 4295 1022 4355 1,
1041 4295 1065 4342 4,
1084 4289 1136 4356 ΙΙΙ,
1154 4297 1178 4356 6,
1198 4298 1237 4344 10.
1257 4289 1302 4355 IV,
1321 4296 1349 4357 2,
1369 4298 1409 4344 ⁶21.
1432 4301 1458 4360 3,
1483 4302 1521 4348 15.
1542 4302 1565 4361 4,

421 4382 461 4428 20.
480 4384 520 4431 30.
540 4383 579 4433 88.
601 4386 624 4445 9,
642 4386 666 4433 5.
684 4378 718 4444 V,
736 4386 760 4445 9,
781 4386 819 4434 19.
840 4386 880 4435 99.
902 4386 957 4434 191.
979 4387 1035 4451 113,
1054 4384 1111 4437 und
1128 4384 1182 4452 vgl.
1203 4382 1247 4438 die
1265 4383 1410 4439 Addenda.
