2980 5148
405 347 627 395 cnossnuivn
651 347 866 395 uunv'nnvn.
1145 333 1206 400 251

153 501 191 565 30
210 507 397 578 turpiter:
441 499 568 586 Epidici
591 500 640 564 111
648 550 657 582 ,
681 503 718 583 4,
742 501 800 584 49,
835 523 968 584 quorum
991 523 1139 568 versuum
1162 508 1213 568 sat

87 633 181 694 graves
203 609 316 674 turbae
339 613 372 675 et
393 610 538 692 lacunae,
563 610 673 693 quales
696 609 797 674 Vetus
819 609 976 695 haben),
1002 635 1111 676 rursus
1134 615 1210 679 Am·

88 720 206 784 brosiani
228 721 385 786 beneficio
408 721 454 784 sie
475 724 678 785 removentur
699 720 903 787 felicissime:

170 879 320 954 Equidem
348 879 447 938 hercle
475 881 633 956 argentum
654 897 710 953 pro
732 879 788 937 hic
810 879 888 938 dodi.
912 880 965 938 Ml.
989 882 1082 940 stulte
1104 881 1210 942 dotum

170 963 261 1036 Belin,
285 967 441 1038 peccatum
463 963 597 1041 lirgiter.
625 963 680 1021 Pu.
703 964 795 1021 immo
817 963 890 1023 hoec
911 969 985 1024 east.

170 1048 247 1106 Nam
269 1051 388 1108 servom
409 1048 493 1121 misi,
517 1048 570 1123 qui
591 1048 679 1106 illum
700 1050 807 1107 sectari
830 1048 921 1121 solet,

170 1134 270 1192 Meum
291 1135 434 1208 gnitum:
458 1133 483 1192 is
506 1133 570 1208 ipse
590 1133 668 1191 hanc
690 1133 855 1192 destinavit
878 1133 1042 1193 fidicinam.

101 1217 151 1274 111.
172 1217 227 1275 Ilm
250 1217 320 1276 istic
341 1217 431 1276 homo
453 1220 483 1276 tc
506 1217 689 1276 articulttim
712 1218 856 1290 concidit,
880 1237 979 1291 senex,

173 1302 250 1360 Tuos
273 1305 386 1360 strues
408 1302 464 1360 Pu.
489 1301 542 1378 qui
565 1301 717 1361 concidit?
753 1303 806 1360 Mi.
830 1303 872 1360 sic
894 1303 1068 1378 suspitiost:

170 1386 246 1445 Nam
270 1387 325 1462 pro
348 1385 468 1445 fidicina
489 1388 563 1445 haec
585 1389 671 1446 ctrva
692 1387 881 1462 supposittst
903 1387 970 1446 tibi.
978 1385 1021 1464 **)

84 1531 187 1596 Eadem
207 1533 317 1618 glossa
340 1533 426 1597 infra
449 1533 532 1597 redit
557 1537 577 1614 5
601 1533 642 1598 38
665 1555 682 1597 e
704 1533 919 1598 Mostellariae
941 1533 990 1618 ll,
1014 1534 1050 1616 2,
1074 1534 1094 1598 8
1117 1535 1209 1622 (438)

86 1647 194 1723 Edepol,
214 1648 374 1723 Neptune,
393 1646 565 1725 peccavisti
584 1645 727 1723 Idrpiler,
759 1646 854 1728 atque
877 1646 897 1724 ξ
919 1644 959 1706 41
983 1665 1001 1707 e
1023 1643 1209 1710 Truculenti

85 1750 116 1832 l,
137 1753 169 1816 11
192 1775 285 1817 versu
308 1753 354 1818 sio
376 1753 441 1817 nisi
461 1753 557 1816 fallor
584 1753 782 1817 restituendo
804 1753 910 1833 'Opust
936 1761 1050 1818 nutrici
1078 1756 1209 1820 detritum

85 1873 109 1924 ul
126 1867 227 1927 ladem
256 1867 366 1928 velnis
388 1871 453 1928 uini
478 1863 697 1948 Idrpiler***):
724 1885 786 1947 quo
809 1861 936 1946 quidem
960 1864 1209 1928 constructionis

84 1993 184 2054 genere
211 1975 312 2038 etiarn
341 1972 425 2037 Rud.
449 1972 506 2055 IV,
530 1973 567 2055 4,
594 1974 654 2036 144
677 1973 788 2058 (1188)
820 1976 917 2037 Credo
939 1979 1046 2053 edepol
1067 1995 1122 2053 epo
1145 1977 1210 2040 illic

83 2086 162 2146 inesse
181 2091 253 2148 ouri
274 2086 366 2162 dique
388 2083 468 2165 (non
489 2085 532 2164 el)
555 2091 678 2162 arpenti
697 2085 836 2161 ldrpiler,
860 2081 1041 2168 ibidemque
1062 2082 1104 2167 V,
1119 2085 1150 2168 2,
1167 2085 1209 2150 28

83 2191 176 2278 (1315)
197 2197 331 2274 ldrpiler
352 2195 500 2258 mercedis
522 2194 692 2273 indipiscdr
714 2215 788 2257 usus
815 2197 864 2256 est
886 2195 991 2276 poeta.
1037 2192 1208 2279 Brevioris‚

82 2319 162 2381 quam
181 2307 313 2387 postera
336 2306 424 2366 aetas
446 2323 547 2387 prope
562 2303 663 2366 solam
686 2285 844 2386 probavit,
867 2310 956 2382 lorpe
969 2302 1092 2368 formae
1109 2327 1209 2369 unum

82 2411 153 2490 apud
175 2414 313 2476 eundem
336 2412 517 2496 exemplum
540 2414 589 2476 est
612 2412 686 2476 Aul.
709 2412 753 2494 ll,
776 2412 812 2495 2,
840 2413 878 2476 19
901 2415 1025 2478 Ne'mim'
1044 2418 1136 2479 credd
1158 2423 1212 2494 qui

81 2525 154 2598 lurpe
172 2527 317 2588 lldndust
338 2529 421 2587 dives
439 2525 583 2603 padperi.

82 2641 266 2656 Ἦ

135 2708 274 2776 *lEarum
286 2709 329 2762 ibi
345 2708 416 2762 haec
427 2708 533 2778 species
551 2709 594 2762 est
611 2707 702 2775 (unius
721 2709 814 2763 tamen
832 2724 927 2764 versus
940 2709 1124 2764 continuitate
1137 2725 1209 2764 eom-

81 2797 207 2864 prehemis
225 2801 323 2868 verbis
341 2803 479 2870 Equidem
492 2833 524 2841 —
537 2803 679 2871 turpiterp

136 2901 271 2970 Equidem
284 2901 380 2957 hercle
392 2903 540 2972 argentum
558 2917 611 2972 pro
623 2901 676 2956 hac
688 2901 760 2956 dedi.
773 2901 811 2954 M.
825 2903 910 2960 stulte
923 2903 1210 3037 datffiuffioffigffi

92 3031 117 3087 P.
133 3035 217 3092 lmmo
236 3037 311 3092 haec
330 3038 390 3091 eset
406 3053 471 3091 nam
490 3054 600 3091 seruum
617 3037 680 3090 miei
892 3037 940 3107 qui
958 3036 1059 3090 sectari
1077 3039 1150 3092 solet

132 3103 222 3158 Meum
282 3106 363 3170 atum
379 3105 440 3174 ipse
458 3105 530 3158 hanc
548 3104 688 3158 fidicinam
706 3105 774 3162 emit
925 3103 1069 3172 Q

91 3166 121 3220 ll.
133 3169 200 3224 Hem
218 3173 243 3225 is
260 3173 286 3226 'c
305 3173 390 3226 homo
407 3175 436 3227 tc
455 3171 625 3226 articulatim
644 3173 764 3227 concidit
781 3191 864 3229 senex
882 3175 946 3230 tuus
963 3193 1068 3230 seruus.

88 3233 113 3289 P.
131 3237 199 3302 Quid
217 3239 354 3296 concidit.
373 3241 441 3295 Min.
462 3241 501 3294 sic
519 3240 673 3309 suspiciost.

131 3304 200 3361 Nam
218 3327 273 3379 pro
292 3307 406 3362 fidicina
423 3309 493 3364 haec
510 3307 656 3377 subposita
673 3311 717 3363 est
732 3310 769 3375 ss!
785 3309 844 3364 tibi.

75 3419 182 3484 Quorum
204 3444 344 3482 versuum
365 3425 455 3496 primo
474 3427 503 3480 in
520 3429 588 3484 dedi
608 3443 623 3481 e
642 3429 801 3483 correctura
819 3432 862 3483 est
879 3435 891 3486 ι·
906 3429 1014 3497 littera;
1037 3430 1121 3486 tertio
1145 3435 1212 3489 emil

74 3532 120 3570 non
136 3522 177 3573 est
194 3537 213 3574 a
230 3519 331 3590 prima
348 3537 431 3574 manu
453 3519 600 3590 scriptum,
623 3537 794 3590 quamquam
814 3538 850 3576 ne
868 3539 886 3576 a
902 3523 1012 3578 novicia
1034 3523 1145 3592 quidem
1163 3524 1211 3580 ad·

74 3605 158 3667 ditum.
328 3611 334 3621 '

129 3706 169 3775 ⁸⁸)
190 3709 216 3762 A
234 3707 415 3779 palimpsesti
432 3709 486 3763 fide
504 3708 582 3762 nulla
599 3707 695 3764 littera
711 3707 820 3776 recessi,
838 3709 892 3764 uisi
911 3711 985 3779 quod
1003 3729 1128 3778 servom,
1147 3717 1211 3768 loos

74 3811 173 3866 tereos,
191 3806 352 3872 suspitioni
369 3799 467 3870 scripsi
484 3816 536 3870 pro
554 3820 684 3870 servum,
704 3811 770 3860 lune
788 3821 905 3871 ceraue,
928 3808 1095 3875 suspiciost,
1118 3802 1211 3872 sprevi

74 3891 155 3945 illem
172 3899 383 3952 articulatum.
418 3892 548 3949 Ceterum
566 3913 679 3954 cervam
698 3897 817 3967 apparet
833 3897 978 3966 tamquam
997 3896 1117 3964 aliquam
1136 3894 1212 3950 Auli·

75 3981 173 4041 domem
189 3986 334 4057 intellegi.

130 4081 183 4149 *l
208 4084 294 4152 Opus
315 4085 424 4139 nutrici
440 4090 534 4141 octale
551 4085 654 4141 lubeat
671 4087 779 4142 ueteris
797 4085 869 4141 uinil
887 4089 979 4153 opiter
997 4085 1039 4136 est
1061 4081 1089 4135 in
1109 4081 1212 4136 Decur-

76 4169 133 4240 lut0‚
151 4175 180 4234 0.
193 4195 221 4234 n.
242 4177 407 4233 allulnbeol
424 4181 563 4235 ueterisui
579 4178 621 4233 nil
630 4181 722 4246 opiler
738 4177 766 4230 in
778 4176 891 4232 Vetere:
910 4177 938 4230 in
956 4175 1083 4244 Principe
1101 4175 1212 4230 demum

77 4281 103 4316 ex
121 4265 345 4338 interpolatione
368 4269 447 4338 Opus
469 4275 577 4328 uictrici
600 4279 690 4327 ulrom
712 4273 822 4328 hubent.
864 4271 907 4338 [0.
932 4272 1051 4334 nutrici,
1082 4271 1154 4326 lucie
1182 4275 1212 4326 ul

78 4357 164 4422 lutere
181 4361 336 4434 ingenioso
356 4378 444 4434 nuper
462 4363 492 4418 Ο.
513 4363 665 4436 Seyd'ertue
682 4362 822 4433 Philologi
839 4353 914 4416 XXV
930 4379 958 4432 p.
978 4361 1047 4430 llo]
