2996 5148
289 312 352 376 432
644 317 862 387 verrcoovra
885 325 1071 374 1111111111.

375 483 470 554 Quam
497 485 607 544 institi.
652 485 707 546 Ps.
742 485 1081 650 1111111111111111111111111111
1109 486 1168 546 tibi
1195 487 1280 546 ambo
1306 505 1407 562 operam

899 590 964 629 aun
987 590 1031 628 u.

374 683 616 748 Transeundum
633 687 683 748 est
697 684 737 748 ad
751 684 886 769 simplex
899 691 1049 765 puriycrc
1063 685 1206 748 verbum.
1243 685 1279 750 Id
1293 685 1409 770 primum

289 816 354 858 uon
377 794 540 859 dubitabis
562 794 751 858 Mercatoris
774 795 878 860 versui
899 793 957 877 IV,
981 795 1012 878 3,
1036 795 1076 859 37
1102 791 1189 883 [738]
1213 793 1349 860 reddere:

373 935 449 994 Lrs.
483 936 575 995 Nihil·
583 936 680 995 hercle
695 935 783 1025 istius
800 937 1001 1012 quicquamst.
1045 937 1126 996 Dore.
1149 955 1273 996 numero
1292 937 1411 1013 purigas:

288 1065 342 1129 ubi
362 1072 506 1148 pruritus
534 1066 708 1131 editoribus
736 1066 885 1149 debetur,
911 1087 1033 1147 purpas
1060 1065 1184 1130 librarii
1212 1066 1411 1150 prodiderunt,

257 1235 268 1253 ,
289 1197 367 1261 quos
391 1177 430 1240 ad
452 1175 656 1241 inferendam
677 1177 784 1260 potius
806 1197 901 1261 quam
924 1175 964 1241 ad
986 1175 1220 1241 obscurandam
1247 1176 1409 1242 iterativum

289 1285 426 1350 formam
441 1307 617 1371 propensos
639 1287 855 1372 cognovimus.
892 1285 992 1351 Porro
1008 1286 1255 1370 Amphitruonis
1269 1285 1325 1370 111,
1340 1287 1367 1369 9,
1381 1287 1414 1348 tt

291 1394 375 1484 [945]
408 1419 479 1462 cum
505 1399 660 1482 pessimos
688 1418 836 1462 numeros
871 1403 981 1462 Verum
1009 1402 1114 1462 cadem
1142 1404 1171 1461 si
1190 1403 1284 1462 isdem
1301 1417 1413 1478 propos,

287 1511 524 1587 mibiputiunda
538 1520 609 1573 sun!
630 1530 697 1572 non
718 1506 898 1572 mehercule
920 1507 1066 1572 meliores
1088 1507 1229 1572 fecerint
1252 1509 1304 1592 qui
1325 1513 1414 1572 trans-

208 1653 216 1664 ·
288 1617 447 1700 positione
467 1619 516 1682 usi
537 1618 712 1702 spondiaco
733 1640 809 1683 voce
825 1621 974 1703 quartum
989 1619 1102 1703 pedem
1116 1621 1296 1684 onerarunt
1323 1623 1414 1682 Veram

288 1733 393 1792 codem
415 1736 443 1792 si
462 1735 539 1792 idem
562 1734 637 1794 miti
652 1751 785 1810 parque,
812 1735 965 1810 patiunda
986 1741 1071 1806 sunt,
1101 1731 1172 1813 quis
1194 1750 1264 1793 non
1285 1727 1335 1792 hic
1354 1749 1415 1810 quo·

288 1859 348 1922 que
371 1838 501 1922 expulso
524 1839 705 1904 adventicio
727 1840 916 1923 pronomine
939 1839 986 1904 sic
1008 1840 1071 1903 arti
1094 1839 1261 1904 consulat:

373 1979 485 2038 Verum
509 1981 612 2039 tadum
634 1981 659 2040 si
680 1981 778 2039 isdem
800 1981 937 2058 purigas,
966 1981 1114 2056 patia'mda
1136 1983 1224 2040 sunt:

289 2113 414 2175 servata
435 2110 579 2195 quidem,
608 2133 690 2195 quae
712 2131 778 2175 non
804 2110 970 2176 intellecta
992 2114 1056 2194 est,
1086 2111 1193 2195 prisca
1215 2112 1253 2177 in
1275 2118 1362 2176 isdem
1382 2111 1418 2174 la·

288 2221 467 2302 tinitate.*)
505 2219 575 2285 Nec
590 2221 730 2286 eiusdem
745 2242 880 2285 scaenae
896 2243 1004 2285 versus
1019 2221 1060 2286 28
1077 2219 1165 2309 [909]
1183 2243 1252 2288 non
1273 2222 1419 2306 aliquanto

290 2331 416 2395 suavius
439 2331 485 2395 sic
507 2330 599 2395 fluet:

376 2472 418 2530 Et
439 2472 470 2530 id
492 2471 551 2532 hr'ro
572 2474 687 2532 revorti
709 2475 744 2532 ut
765 2473 938 2551 pririgarem
959 2477 1007 2532 rut
1028 2475 1100 2548 tibi,

293 2625 387 2686 quam
410 2611 455 2668 uti
474 2624 521 2668 me
537 2625 706 2684 purpuram
736 2604 909 2669 subst'tuto
936 2609 1065 2689 praeter
1093 2605 1236 2688 codices,
1266 2605 1422 2690 inquibus

289 2725 321 2778 at
342 2735 388 2778 mc
407 2735 574 2796 purpuram
598 2718 655 2779 est.
700 2713 805 2778 Nimis
828 2715 1015 2801 ambiguum
1035 2719 1085 2781 est
1105 2715 1143 2781 de
1158 2715 1287 2782 lacerae
1302 2735 1421 2781 scaenae
1485 2741 1486 2800 1

289 2823 424 2889 Casinate
440 2823 518 2908 V‚3
541 2847 633 2888 versu
654 2825 675 2890 5
697 2825 859 2909 iudicium,
883 2825 937 2910 qui
960 2848 1031 2890 cum
1047 2848 1134 2891 nunc
1157 2827 1267 2892 nullos
1289 2845 1422 2892 naunoms
1485 2801 1486 2838 ¹

288 2932 417 3017 habeat,
441 2956 507 2999 non
529 2935 729 3000 incommode
751 2929 904 3000 iambicos
927 2937 1134 3001 nanciscatur
1155 2936 1257 3002 tales:

372 3075 435 3136 Neo
458 3077 569 3152 quibus
592 3077 690 3136 modis
713 3097 760 3136 me
782 3077 920 3154 purigem
944 3077 1002 3138 soid
1025 3069 1107 3136 meac
1132 3073 1250 3157 [misor]
1276 3079 1368 3138 uxori.
1484 3087 1485 3145 1

289 3204 409 3270 Contra
436 3207 536 3272 bonos
564 3229 622 3291 per
655 3229 688 3272 se
722 3229 871 3272 numeros
908 3211 1059 3273 constans
1091 3209 1249 3273 memoria
1284 3209 1423 3274 librorum

288 3319 433 3397 praestat
455 3317 563 3381 Aulul.
587 3317 645 3400 IV,
672 3319 721 3402 10,
745 3319 802 3382 61:

374 3455 453 3525 Quin
475 3458 598 3532 pudeat,
622 3460 696 3535 quin
718 3461 829 3537 purget
851 3479 923 3519 sese.
947 3463 1027 3520 minc
1048 3463 1078 3519 te
1101 3460 1249 3536 obtestor,
1274 3461 1388 3521 Edolio.

288 3583 352 3650 Vbi
382 3586 442 3648 etsi
469 3589 575 3670 potest
602 3612 679 3654 sane
707 3590 791 3654 idem
818 3589 898 3654 illud
926 3591 1079 3655 accidisse
1108 3593 1158 3674 ut,
1193 3614 1269 3656 cum
1300 3591 1423 3676 pristina

284 3701 410 3776 pompei
429 3717 462 3761 ae
483 3697 642 3782 scriptura
663 3700 697 3764 in
715 3710 830 3780 purpet
851 3721 882 3764 sc
903 3701 1100 3784 transiisset,
1129 3699 1305 3767 fulciretur
1325 3721 1421 3766 versus
1482 3717 1483 3754 1

288 3806 453 3891 geminato
474 3829 515 3886 se,
540 3811 650 3872 tamen
673 3812 706 3873 et
728 3815 892 3890 obiurpare
912 3811 1035 3876 formae
1058 3813 1259 3895 comparatio
1275 3813 1421 3878 monetat

287 3939 328 3982 ne
352 3917 484 3982 calidius
507 3920 685 3983 statuamus
714 3921 747 3984 et
774 3922 903 4006 gravim
932 3921 1028 3986 etiam
1058 3943 1094 3986 ea
1125 3943 1208 4005 quae
1238 3923 1422 3990 subiecimus
1481 3995 1482 4020 1

288 4028 443 4111 exempla.
488 4026 557 4093 Nec
580 4028 666 4093 enim
688 4029 858 4096 Terentius
886 4035 1015 4097 tantum
1036 4030 1277 4116 productiorem
1300 4033 1423 4098 formam
1481 4023 1482 4061 1

288 4175 420 4185 -ι-.-.-.
443 4179 493 4186 .-

356 4257 380 4323 *1
408 4257 481 4326 [om
503 4257 538 4312 aa
560 4255 613 4312 aaa
634 4257 662 4312 m
686 4231 829 4328 piooemio
848 4261 986 4318 somene
1004 4261 1120 4316 oisemo
1138 4277 1203 4318 111.
1224 4258 1423 4320 ororocccm·

289 4349 318 4400 ct
335 4347 395 4400 LVI
413 4367 439 4420 p.
459 4350 497 4404 VI
516 4351 627 4408 (iterato
645 4352 674 4406 in
691 4353 802 4408 Dccado
820 4355 1025 4424 prooemiorum
1044 4375 1069 4409 n.
1088 4355 1156 4426 IV).]
