3002 5146
414 397 636 446 ouossearvu
658 400 872 448 nnevmrvu.
1152 387 1213 449 241

160 551 179 612 2
200 558 409 630 tantisper:
432 551 573 614 eiusdem
595 551 653 632 ΙΙΙ,
678 553 708 634 3,
733 553 774 616 96
797 553 887 638 (686)
917 557 1006 618 Nunc
1028 555 1126 618 11111111
1148 565 1214 618 tuo·

93 662 169 740 lispe'r
188 661 253 726 iube
275 659 338 746 [sis]
361 673 464 740 petere
484 663 574 740 deque
596 683 688 726 orare
708 668 832 728 mecum.
1220 667 1222 674 ’

159 770 200 835 ln
221 769 423 834 Asinaria.
468 771 488 834 3
510 777 721 837 blanditer:
746 772 885 838 eiusdem
907 773 1035 837 fabulae
1057 773 1089 857 Ι,
1113 775 1150 854 3,
1173 774 1215 838 69

95 880 166 966 (222)
197 884 409 961 compellando
440 883 602 945 blanditer.
661 882 808 948 Eandem
841 884 978 947 formam
1010 883 1097 947 infra
1131 883 1215 964 §75

94 988 322 1075 glossographus
352 991 511 1074 excerpsit
532 1012 549 1054 e
571 990 722 1056 Pseuduli
748 992 790 1076 V,
828 993 866 1073 2,
904 995 924 1056 3
948 993 1059 1076 (1290)
1081 991 1215 1058 sae'vr'l'er

93 1103 262 1165 tldodr'leme
293 1103 456 1180 ddloqaor.
519 1099 639 1166 Ceteris
674 1103 828 1187 exemplis
858 1103 993 1168 Plautus
1029 1105 1215 1169 constanter

95 1213 187 1274 blande
206 1211 309 1274 forma
332 1233 418 1274 usus.

161 1320 204 1384 ln
224 1319 447 1386 Aulularia.
471 1323 492 1385 4
514 1327 707 1387 donicum:
730 1323 806 1387 Aul.
829 1323 857 1405 Ι,
883 1326 911 1406 1,
937 1324 976 1386 19
999 1327 1137 1389 donicum
1158 1344 1215 1401 ego

95 1442 116 1491 te
133 1433 243 1496 disemo.
288 1429 387 1495 Redit
409 1431 520 1494 eadem
542 1432 649 1516 glossa
672 1435 693 1512 §
716 1433 735 1496 8
759 1455 776 1496 e
798 1432 943 1517 Captivis
957 1432 1001 1515 ΙΙ,
1017 1433 1048 1516 2,
1066 1433 1108 1498 89
1123 1431 1214 1518 (340)

95 1544 226 1624 excerpta
255 1544 395 1606 ddm'cum
417 1547 469 1605 ille
489 1545 549 1606 duc
570 1544 714 1624 redierim
752 1547 772 1623 ξ
794 1544 836 1607 35
859 1565 876 1608 e
898 1541 1097 1606 Mostellaria
1120 1542 1152 1625 Ι,
1182 1543 1213 1624 2,

95 1650 127 1714 35
145 1651 229 1736 (116)
262 1654 401 1716 danicum
437 1655 573 1716 Pdrdeter
603 1655 711 1736 111111,
749 1653 828 1732 §51
863 1675 881 1716 e
909 1651 1093 1735 Vidularia,
1126 1652 1215 1716 cuius

95 1759 174 1824 rerba
185 1760 368 1826 Priscianus
390 1759 437 1824 VI
458 1783 490 1844 p.
514 1761 578 1825 692
601 1761 678 1846 (224
699 1761 758 1848 Η.)
782 1765 814 1826 11
836 1761 916 1826 ΧΙΠ
938 1785 970 1846 p.
994 1761 1057 1826 959
1080 1761 1128 1846 (Ι)
1152 1783 1215 1825 ser·

96 1870 174 1952 cavit,
196 1871 242 1935 sic
263 1871 371 1955 potius
394 1870 458 1934 nisi
479 1870 576 1935 fallor
598 1871 837 1936 constituenda:
872 1875 1018 1936 Ddoicum
1040 1877 1116 1935 haec
1139 1872 1215 1934 111111-
1263 1911 1269 1930 ,

95 1984 393 2045 11111νέ1111-
421 2001 518 2064 quam
552 1981 613 2044 hoc
646 1982 757 2045 ordine
779 1980 947 2045 verborum
969 1984 1116 2046 anr'cum
1139 1982 1215 2044 (11111-

94 2093 181 2154 dr'cota
199 2097 274 2155 haec
295 2093 346 2154 re's
368 2097 444 2154 erit:
480 2091 608 2174 quando
641 2091 761 2176 dispari
793 2090 977 2155 testimonio
1009 2091 1078 2174 ipse
1111 2111 1216 2175 gram·

94 2199 209 2264 naticus
245 2201 351 2284 priore
386 2200 456 2264 loco
489 2207 630 2265 donicum
657 2223 707 2265 res
729 2207 867 2266 iudicato
888 2207 948 2264 erit
968 2205 1044 2264 turc
1065 2203 1215 2282 testatur,

94 2309 248 2388 posteriore
282 2317 421 2376 donicum
455 2332 506 2373 res
532 2317 703 2375 diiudicata
724 2318 772 2375 sr't.
817 2309 883 2374 Lex
915 2311 1002 2374 enim
1034 2309 1114 2374 haec
1147 2331 1217 2374 esse

94 2414 244 2484 Plautinae
265 2420 396 2504 linguae
418 2420 560 2502 videtur,
584 2423 622 2484 ut
644 2423 719 2484 ante
741 2419 884 2486 vocalem
907 2420 966 2484 soli
990 2427 1132 2485 donicum
1154 2419 1217 2482 for·
1297 2447 1304 2458 ·

93 2530 247 2594 maelocus
262 2531 314 2610 sit,
338 2530 397 2594 soli
413 2536 508 2596 donec
531 2533 607 2594 ante
623 2533 863 2594 consonantem.
896 2529 949 2595 Sic
971 2531 1066 2613 enim,
1090 2533 1218 2613 praeter

93 2634 212 2702 lucilla
233 2661 317 2724 quae
339 2641 573 2724 suprascripta
596 2643 672 2703 sunt
693 2640 849 2724 exempla,
873 2639 1097 2728 Pseuduli·W‚
1121 2640 1151 2721 Ι,
1176 2639 1217 2703 72

94 2745 189 2832 (1168)
211 2749 374 2833 proditum
396 2753 446 2814 est
468 2756 607 2814 donicum
630 2757 728 2830 rpsrrs,
753 2749 941 2814 Truculenti
962 2749 989 2832 I,
1015 2752 1043 2832 1,
1071 2749 1109 2813 18
1132 2754 1216 2812 door·-

92 2875 147 2920 caor
166 2865 281 2936 eduxit,
303 2859 411 2924 Plauti
433 2860 551 2944 fragm.
576 2860 661 2942 apud
674 2859 855 2925 Charisium
876 2859 909 2924 Π
931 2882 963 2943 p.
991 2859 1050 2923 178
1073 2857 1149 2940 (197
1160 2856 1216 2939 Κ.)

92 2970 214 3032 donicum
235 2991 295 3049 eqo
315 2991 471 3034 revenere.
516 2969 668 3052 Accedit,
697 2969 761 3034 nisi
782 2969 868 3033 fallit
890 2969 1089 3048 coniectura,
1113 2965 1218 3050 ignoti
1354 3015 1355 3018 ¹
1431 3007 1438 3022 ·

90 3081 187 3154 poetae
207 3080 431 3165 fragmentum
453 3101 491 3142 ex
515 3079 655 3144 eiusdem
676 3077 813 3144 Charisii
836 3078 941 3142 verbis
963 3100 995 3161 p.
1017 3076 1086 3157 198,
1112 3074 1151 3138 16
1163 3073 1216 3156 Κ.,

90 3183 134 3247 ubi
153 3185 264 3253 Naevii
289 3189 323 3253 in
347 3188 522 3255 Corollaria
543 3189 686 3253 versibus
708 3196 778 3254 nolo
800 3210 856 3268 epo
871 3194 962 3252 Hunc
985 3192 1062 3250 adeo
1077 3188 1216 3263 efflictim

89 3314 180 3360 umore
210 3321 238 3362 e.
263 3322 296 3384 q.
320 3298 449 3363 abaco
477 3297 716 3383 subiunguntur
748 3304 800 3362 obi
821 3303 952 3362 Produc:
987 3304 1100 3376 ‘usque
1133 3299 1218 3360 doni·

88 3424 143 3468 rum
162 3411 348 3492 esfiiqurar',
372 3431 453 3492 quae
476 3429 571 3492 aegre
587 3409 725 3472 adducor
739 3411 775 3471 ut
789 3407 889 3492 ipsius
904 3406 1107 3493 grammatici
1122 3405 1220 3470 verba

89 3533 144 3578 esse
165 3520 303 3584 credam.
350 3518 437 3583 Hinc
458 3519 560 3603 igitur
582 3520 631 3582 est
654 3540 709 3582 cur
730 3518 930 3602 trisyllabam
952 3519 1089 3583 formam
1103 3516 1219 3580 Plauto

89 3624 267 3694 reddendam
290 3631 403 3714 putem
425 3627 622 3692 Bacchidum
643 3626 701 3711 IV,
724 3628 757 3710 4,
784 3628 842 3692 106
865 3628 955 3712 (757)
971 3635 1110 3694 donicum
1132 3630 1152 3692 α’
1173 3647 1220 3690 me

88 3741 135 3798 m'r
153 3741 269 3818 signam
293 3746 414 3816 datam,
450 3742 483 3802 et
504 3736 693 3802 Mercatoris
715 3737 747 3819 Ι,
781 3737 816 3820 2,
846 3737 887 3802 82
911 3739 1001 3825 (194)
1025 3741 1165 3804 donicum
1188 3743 1220 3801 in

88 3849 172 3910 ocrim
202 3856 298 3933 subit,
339 3849 453 3934 quibus
486 3847 565 3911 locis
598 3848 753 3912 usitatum
785 3847 847 3910 sibi
870 3853 964 3913 donec
987 3848 1220 3931 consignarunt

89 3950 211 4024 librarii:
249 3959 403 4024 similiter
435 3961 531 4042 alque
565 3979 637 4021 mea
659 3950 822 4020 sententia
840 3960 916 4034 soce
950 3959 1029 4040 (non
1052 3957 1130 4020 ilem
1152 3961 1221 4018 dice

89 4069 165 4152 duce)
186 4070 397 4134 scribendum
418 4071 469 4132 est
493 4071 569 4132 ante
591 4067 745 4150 vocalem,
769 4088 834 4131 non
854 4071 921 4146 luc.
936 4105 977 4114 -
1002 4065 1122 4130 Contra
1143 4065 1219 4126 ante

91 4183 291 4245 consonantes
326 4182 516 4244 constanter
542 4184 639 4242 donec
661 4175 776 4259 habes,
815 4181 852 4240 ut
873 4183 968 4241 donec
990 4179 1077 4239 Sosia
1099 4172 1218 4256 Amph.

92 4281 126 4367 Π,
149 4291 175 4372 1,
197 4293 236 4356 51
262 4289 375 4374 (598),
400 4295 496 4354 donec
518 4309 551 4352 se
573 4286 695 4352 Cistell.
720 4285 763 4369 ΙΙ,
786 4287 823 4368 3,
847 4287 904 4368 40,
929 4290 1025 4349 donec
1042 4293 1222 4362 persecutus

92 4379 217 4484 11111,
251 4401 295 4494 2„
329 4399 522 4482 114169),
552 4403 649 4461 oona
671 4408 762 4461 loom
785 4395 865 4459 uuo.
890 4393 957 4474 111,
981 4393 1017 4476 4,
1055 4393 1088 4456 11
1118 4391 1220 4478 (oro),

135 4535 173 4570 PR·
190 4535 357 4572 arrscnrnn
377 4533 521 4570 OPVSCVLA
541 4534 575 4570 11.
980 4497 1017 4560 16
