2996 5148
556 1351 710 1462 Vni.

225 1551 508 1646 llmendationea
538 1551 756 1696 llereaterla
787 1551 1036 1668 Plautinum

147 1942 371 2008 Prooemiandi
394 1943 546 2028 queniam
573 1943 716 2008 officium
739 1942 857 2025 instat,
881 1943 971 2006 decet
991 1943 1108 2025 otium,
1137 1965 1202 2008 nou
1222 1960 1252 2009 m

78 2053 261 2118 ambitiosius
291 2053 452 2137 anquisito
479 2053 638 2118 floridiore
666 2053 903 2118 commentandi
925 2056 1116 2137 argumento
1148 2052 1203 2118 ali-

77 2163 138 2244 quid
160 2186 196 2228 ex
219 2164 267 2228 eis
290 2162 406 2228 litteris
429 2163 620 2247 delibamus,
651 2163 685 2227 in
708 2165 822 2248 quibus
845 2186 917 2229 eum
938 2164 1075 2228 maxime
1098 2163 1204 2228 studia

76 2276 170 2338 nosha
191 2275 330 2338 servent.
361 2273 500 2338 Fervent
515 2278 622 2340 autem
637 2277 673 2338 ut
688 2275 793 2340 solent
815 2275 972 2360 (diutinus
992 2277 1077 2338 eninr
1099 2275 1203 2360 labor)

76 2381 103 2444 in
132 2406 191 2448 una
222 2383 450 2449 Plautinarum
489 2385 669 2450 fabularum
702 2389 749 2450 ita
781 2385 992 2451 instauranda
1028 2407 1086 2470 pro
1120 2385 1204 2450 virili

75 2496 167 2576 parte,
196 2499 233 2559 ut
257 2497 292 2558 et
315 2495 476 2558 commode
503 2493 567 2579 legi
591 2499 624 2560 et
645 2496 810 2580 aliquanto
838 2496 956 2561 rectius
984 2519 1079 2580 quam
1102 2495 1204 2560 adhue

75 2600 203 2690 intellegi
232 2603 349 2690 possit.
394 2603 481 2680 Qaaae
510 2608 559 2670 est
586 2605 807 2690 Mercator,
839 2607 961 2670 minore
988 2605 1043 2670 illa
1066 2606 1203 2690 quidem,

74 2711 94 2774 ai
111 2735 176 2778 eum
192 2715 268 2780 aliis
294 2714 466 2799 confertur,
491 2716 701 2780 admiratione
724 2716 834 2801 digna,
858 2739 923 2781 non
938 2716 1094 2782 minorem
1109 2739 1205 2800 quem

72 2819 228 2910 pleraeque
253 2823 336 2889 artis
359 2847 466 2889 euram
489 2825 656 2912 flagitans:
683 2829 809 2891 tantam
832 2830 960 2911 tamque
982 2827 1103 2890 variam
1125 2825 1204 2890 haec

70 3041 175 3111 inertia
203 3047 317 3111 labem
343 3047 452 3111 traxit.
497 3047 525 3110 E
549 3070 611 3131 qna
633 3048 782 3112 vitiorum
810 3049 1039 3130 vulnerumque
1061 3045 1204 3110 mult'tu·

72 3151 134 3218 dine
166 3181 239 3221 cum
274 3154 338 3218 alia
364 3156 579 3241 perplexiones
613 3158 754 3223 rationes
789 3159 930 3222 habeant
964 3157 1204 3240 uberioremque

70 3261 317 3348 imputationem
346 3267 525 3352 requirant,
556 3267 620 3332 alia
646 3268 717 3352 pari
745 3268 946 3353 simplicitati
974 3268 1130 3332 brevitate
1153 3289 1204 3330 ex-

69 3375 160 3456 pediri
181 3397 285 3462 posse
307 3375 486 3462 videantur,
509 3377 602 3442 huius
624 3400 683 3442 nos
705 3379 843 3462 geuene,
869 3379 952 3443 unde
975 3378 1071 3443 etiam
1094 3375 1205 3463 quiin

70 3483 266 3572 philologieis
290 3485 406 3551 litteris
433 3510 500 3552 non
528 3488 678 3552 habitant
699 3489 794 3553 facile
818 3488 937 3573 aliquid
960 3489 1133 3574 voluptatis
1156 3512 1204 3553 ea-

67 3594 162 3680 pient,
186 3595 340 3684 quamvis
361 3597 510 3680 pusillam
532 3599 723 3684 particulam
746 3599 884 3663 strictim
906 3622 1140 3684 persequemur.

140 3767 190 3832 Ac
213 3765 333 3830 stabim
355 3766 389 3831 in
411 3766 537 3851 limine,
567 3767 627 3833 hoc
655 3772 704 3834 est
724 3768 758 3833 iu
782 3769 1055 3855 Argmnentorum
1077 3769 1205 3833 fabulae

66 3879 312 3956 praemissorum
335 3898 372 3940 eo
394 3879 476 3961 quod
498 3901 564 3943 non
588 3880 801 3944 acrostichum
824 3884 882 3964 est,
904 3881 974 3966 ipse
996 3880 1117 3965 primus
1138 3900 1205 3942 ver-

65 4005 111 4050 sias
130 3988 211 4053 facit
235 3987 279 4052 ut
299 3986 496 4053 haereamus.
542 3987 606 4053 Vbi
627 3991 710 4074 quod
733 3990 885 4077 vulgatur

151 4162 263 4170 ...w-..-

124 4263 149 4328 *l
187 4257 386 4332 [Prooemium
417 4258 518 4313 Indicia
549 4260 706 4316 scholarum
736 4260 903 4316 aestivarum
924 4261 1111 4315 Bonnensium
1141 4260 1206 4314 anni

67 4349 291 4408 moiocccusv,
314 4382 344 4392 —-
364 4349 477 4405 muitum
495 4353 580 4406 otium
598 4353 627 4407 in
644 4355 864 4410 ‘Prooemiorum
881 4353 1067 4408 Bonneneium
1084 4353 1206 4412 Decede’

65 4463 129 4513 quae
145 4445 259 4520 prodiit
275 4442 400 4500 Berolini
419 4445 493 4515 apud
510 4447 531 4501 Ι.
552 4447 764 4520 Guttentagium
782 4467 807 4503 a.
827 4445 1069 4520 ClDIOCCCLXl]
