2996 5148
497 439 715 506 vaamoovm
737 441 924 492 autumna.
1219 427 1283 494 435

130 600 311 682 propterea
338 595 422 684 quod
450 600 520 663 ‘vix
543 598 646 664 audiri
672 599 793 684 possit'
821 607 941 678 mapula
961 621 978 662 e
999 603 1146 664 montibus
1173 598 1282 663 decur-

129 730 213 772 rens
242 730 342 792 aqnn,
376 731 472 794 quam
499 710 581 794 quod
610 731 677 774 non
705 731 743 774 ea
771 713 820 774 est
847 709 1033 774 decurrendi
1061 709 1167 793 notio,
1200 731 1282 794 quae

128 821 255 902 suapte
277 823 395 882 natura
418 841 489 884 cum
512 820 675 884 auditione
698 820 870 884 ooniimota
892 821 945 902 sit,
968 822 1004 884 ut
1027 842 1099 884 cum
1120 842 1181 885 vox
1195 827 1283 885 clara

127 929 184 993 vel
211 935 286 994 tuba
307 929 426 994 dicitur
446 930 496 993 vel
518 937 624 995 clarus
644 937 762 996 clamor
778 937 915 1010 plaapor
935 951 1028 995 sonor
1046 937 1183 1010 plausus.
1222 930 1283 994 Ve-

128 1061 210 1102 rum
233 1037 275 1102 de
295 1047 394 1105 citare
416 1040 527 1122 verbe,
551 1042 579 1104 si
601 1039 651 1104 fas
674 1043 724 1104 est
745 1062 855 1104 verum
877 1039 997 1123 dicere,
1023 1041 1168 1125 argutiae
1191 1045 1282 1104 sunt:

128 1171 216 1214 nam
246 1153 280 1212 et
306 1150 489 1215 adventicia
516 1171 645 1234 prorsus
674 1153 724 1214 est
750 1150 943 1214 nominatim
970 1149 1154 1234 appellandi
1182 1151 1281 1232 notio,

127 1281 198 1324 nee
227 1259 295 1322 ullo
320 1260 414 1324 modo
442 1259 519 1324 hinc
547 1261 653 1324 aliena
683 1259 724 1324 ad
752 1283 878 1324 cursum
911 1261 1109 1345 instigandi:
1143 1262 1281 1344 quando,

127 1371 191 1455 qui
218 1370 262 1433 ad
284 1391 318 1434 se
338 1371 475 1454 invitat,
505 1369 656 1453 advocat,
687 1371 822 1434 arcessit
841 1371 945 1454 ferae,
975 1371 1102 1435 easdem
1128 1373 1165 1434 ut
1186 1371 1226 1434 ad
1249 1393 1283 1435 se

127 1483 278 1544 currant
297 1481 434 1566 instigat
454 1481 610 1565 profecto.
654 1479 724 1544 Nec
750 1481 857 1544 minus
890 1481 1051 1546 commode
1076 1485 1166 1559 seras
1186 1487 1285 1546 citare

126 1611 243 1672 aquae
266 1591 416 1656 dicuntur
443 1613 539 1676 quam
564 1599 714 1671 primores
735 1597 917 1670 Arpinorum
940 1585 1066 1656 od‘sese
1088 1596 1285 1656 Proiectae

123 1710 221 1766 viros
255 1700 340 1784 apud
373 1701 534 1766 Catullum
567 1703 600 1764 et
631 1699 659 1764 si
691 1723 771 1784 quae
805 1700 922 1764 similia
948 1701 1127 1786 probarunt
1158 1705 1282 1786 poetae.

124 1811 374 1894 Scripseritne,·
390 1811 473 1896 quod
496 1833 567 1876 eum
590 1811 731 1894 potuisse
753 1811 891 1875 scribere
913 1809 1145 1894 contendimus,
1169 1811 1283 1877 Lucre·

126 1923 218 2002 tius,
243 1921 358 1985 maiori
381 1942 451 1986 esse
473 1920 666 1986 dubitationi
689 1920 861 1984 obnoxium
882 1920 1047 1986 sentimus.
1085 1921 1283 2008 Quamquam

122 2057 144 2096 a
170 2031 336 2094 librorum
358 2031 502 2116 vestigiis
524 2047 817 2095 chainemunda
845 2053 945 2116 prope
966 2032 1061 2096 unius
1083 2035 1211 2096 tantum
1232 2033 1284 2097 lit-

120 2149 229 2208 terae
253 2141 505 2226 transpositione
528 2157 841 2206 uiaoucmimins
863 2141 963 2206 distat
985 2141 1017 2206 h.
1042 2165 1069 2207 e.

326 2281 464 2360 Largu'
488 2283 564 2342 citat
583 2281 646 2340 late
668 2281 803 2342 sitientia
825 2283 921 2343 saecla
943 2282 1090 2342 ferarum:

121 2435 235 2500 quem
258 2411 302 2475 ad
321 2411 460 2496 modum,
484 2413 511 2476 si
533 2434 613 2496 opus
635 2417 685 2478 cst
706 2413 870 2497 exemplis
893 2420 999 2492 larque
1020 2419 1130 2493 liquidi
1145 2417 1220 2492 foas
1240 2423 1285 2480 lu-

121 2531 227 2592 minis
251 2523 355 2586 eidem
378 2521 525 2588 Lucretio
552 2522 656 2588 dictus
685 2527 733 2588 est
761 2522 901 2587 eiusdem
928 2523 1002 2588 libri
1025 2547 1055 2589 v.
1078 2523 1158 2608 281,
1188 2532 1286 2602 tarnis

122 2641 266 2702 avidum
296 2654 382 2697 more
400 2640 534 2713 fluminis
561 2640 650 2698 undis
671 2641 828 2713 intepretes
854 2641 952 2698 omnis
977 2633 1009 2719 Ι,
1042 2635 1139 2716 1031,
1174 2657 1283 2714 aquom

121 2752 238 2826 lares
261 2749 407 2809 inertas
429 2765 544 2823 onaan
564 2750 713 2812 montibus
733 2766 773 2810 ex
793 2751 864 2808 altis
879 2765 1008 2823 maffeus
1026 2751 1171 2809 decursio
1192 2754 1286 2824 aquai

118 2859 147 2943 1,
175 2855 271 2937 282,
302 2854 381 2917 item
407 2860 493 2932 turpi
517 2859 644 2920 haustus
666 2861 703 2918 cle
720 2859 859 2933 sontibus
880 2861 999 2934 mapale
1028 2877 1058 2918 v.
1082 2853 1160 2936 412,
1190 2857 1284 2936 atquc

121 2972 161 3034 in
195 2963 305 3032 simili
335 2963 519 3028 sitientibus
553 2964 760 3029 esurientium
793 2964 951 3048 pecudum
983 2963 1169 3027 condicione
1191 2969 1284 3042 lorpo
1303 2973 1343 3022 111
1399 2953 1403 2962 ’

110 3101 177 3147 suo
202 3083 278 3143 sine
294 3079 418 3155 patula
435 3085 533 3154 porto
553 3080 659 3139 labore
680 3073 721 3157 V,
745 3073 817 3138 869.
865 3071 1104 3160 [adsentientes
1126 3072 1190 3135 vidi
1214 3095 1285 3136 cum

108 3193 180 3258 sd.
210 3184 461 3254 Goebelium
483 3181 627 3258 ‘Quaest
644 3182 737 3248 Lucr.
756 3185 839 3248 orit’
863 3183 926 3267 (ed.
944 3181 1122 3266 Salisburgi
1143 3203 1172 3246 a.
1191 3183 1285 3266 1857)

102 3329 140 3391 p,
169 3303 221 3368 26
248 3301 330 3362 tum
351 3293 440 3358 Frid.
465 3293 635 3358 Pollium
657 3294 691 3358 in
714 3294 806 3358 valde
828 3293 987 3377 probabili
1016 3292 1286 3357 commentatione

100 3417 168 3482 ‘de
205 3409 302 3478 artis
334 3403 502 3468 vocabulis
530 3403 718 3487 quibusdam
746 3404 963 3467 Lucretianis’
993 3402 1055 3484 (ed.
1085 3401 1225 3467 Drcadae
1254 3424 1283 3468 a.

99 3528 213 3612 reae)
242 3543 281 3606 p·
308 3513 381 3602 42]
