3284 5152
368 353 432 414 100
635 357 727 414 i'rnan
754 369 814 415 mn
838 369 960 415 amru<
984 367 1050 414 uns
1078 366 1244 415 naturus.

366 521 453 584 seine
476 519 732 604 Httlfsmittel*)‚
756 544 822 585 was
844 521 912 603 wir,
937 543 972 584 so
996 520 1128 602 langas
1151 520 1209 601 ist,
1234 519 1305 583 hier
1326 518 1421 583 nicht
1442 541 1513 582 vor-

366 630 534 695 enthalten
557 630 682 714 du'rfeu,
708 632 773 694 und
788 630 932 715 sogleich
948 631 982 694 in
998 630 1255 714 Anmerkungen
1271 629 1336 693 und
1353 628 1511 693 Zusatzen

365 762 422 803 aus
446 741 700 825 anderweitigen
716 741 914 826 Zeugnissen
937 745 1099 825 ergiinzen
1122 739 1249 821 wollen,
1273 762 1304 822 p.
1325 739 1379 803 16:
1404 740 1514 803 ‘Anni

364 849 429 913 iam
458 854 534 914 suut
556 850 630 914 XX’
661 849 743 934 (also
766 851 828 915 seit
858 852 952 936 1525)
991 860 1083 914 ‘cum
1110 854 1226 914 nactus
1255 849 1302 913 fui
1332 850 1514 934 exemplum

364 957 551 1024 Plautinum
573 961 738 1046 scriptum,
763 983 840 1024 sane
855 964 956 1042 vetris,
981 961 1118 1024 sednon
1140 963 1306 1024 exaratum
1328 964 1441 1024 tamen
1464 960 1514 1025 rel

365 1070 489 1134 erudito
516 1071 644 1134 saeculo
671 1071 722 1134 vel
750 1071 790 1134 ab
818 1070 948 1135 homine
976 1071 1080 1134 docto.
1132 1070 1170 1134 Id
1197 1073 1360 1155 repertum
1386 1069 1453 1133 fuit
1480 1072 1514 1134 in

365 1179 471 1261 patria
493 1202 565 1243 mea
587 1181 672 1245 inter
689 1181 785 1245 libros
803 1181 972 1244 clarissimi
988 1184 1020 1243 et
1036 1181 1154 1244 virtute
1177 1203 1215 1244 ac
1238 1181 1399 1264 sapientia
1422 1202 1514 1263 prae·

364 1290 482 1353 stantis
509 1290 569 1354 viri
598 1290 667 1355 Viti
697 1290 821 1354 Verlen'
849 1291 983 1373 Franci,
1013 1290 1098 1353 unde
1114 1294 1285 1354 verremtum
1313 1291 1515 1374 propinquus

365 1400 475 1483 ipsius,
500 1400 659 1464 amicitiae
688 1401 835 1465 sanctiss.
866 1401 995 1465 vinculo
1025 1405 1058 1463 et
1085 1423 1170 1463 max.
1199 1399 1432 1463 familiaritatis
1456 1423 1515 1463 usu

364 1510 444 1573 mihi
474 1512 664 1575 coniunctus
694 1511 849 1574 Micaelus
871 1511 1050 1596 Rotingus,
1082 1511 1131 1573 vir
1153 1515 1219 1593 opt.
1250 1515 1346 1595 atque
1368 1511 1516 1575 doctissi-

364 1641 445 1704 mus,
470 1621 524 1705 qui
546 1625 616 1685 tum
638 1621 722 1685 forte
745 1622 912 1685 nobiseum
935 1626 1033 1704 esset,
1065 1621 1144 1685 mihi
1167 1619 1322 1714 utendum
1345 1620 1453 1703 dedit,
1484 1625 1516 1684 et

364 1730 433 1812 ipse
456 1731 602 1795 domiuus
624 1732 698 1794 libri
721 1735 833 1814 postea
848 1735 885 1794 ut
908 1735 1014 1795 uterer
1037 1731 1178 1816 benigne
1201 1730 1358 1814 permisit.
1367 1730 1408 1813 53)
1442 1730 1516 1815 Ego

432 1968 457 2033 ³¹)
478 1968 522 2036 [ln
539 1967 648 2022 Betreff
663 1967 753 2022 dieser
765 1968 940 2021 Hulfsminel
953 1967 979 2022 d.
993 1968 1019 2020 h.
1034 1968 1084 2021 der
1103 1965 1228 2021 beiden
1247 1965 1387 2019 Pfalzer
1403 1966 1515 2021 Hand·

364 2059 533 2113 schriften
552 2062 668 2127 (codex
687 2064 818 2114 ‘vetus'
837 2061 893 2114 und
912 2061 1019 2114 codex
1038 2061 1279 2120 ‘decurtatua',
1305 2075 1357 2112 von
1376 2059 1514 2114 welchem

364 2151 481 2205 letztern
491 2152 574 2206 sehon
589 2153 628 2205 im
638 2154 730 2206 ersten
740 2153 888 2206 Abschnitt
902 2152 1065 2206 wiederholt
1075 2153 1248 2221 gespracheu
1263 2152 1387 2218 worden)
1402 2156 1516 2222 genugt

364 2260 393 2297 es
407 2244 479 2311 jetzt
498 2245 542 2298 ein
559 2242 604 2299 for
622 2246 732 2299 allemal
751 2248 802 2299 anf
817 2245 861 2299 die
882 2245 1189 2314 zusammenhangende
1212 2245 1392 2314 Darstellung
1409 2246 1441 2298 in
1460 2238 1515 2300 den

364 2337 566 2412 Prolegomena
583 2359 610 2407 p.
624 2339 726 2392 XXVII
738 2340 766 2392 ff.
785 2358 817 2392 zu
836 2339 995 2403 verweisen‚
1014 2339 1145 2393 wodureh
1162 2339 1213 2392 wir
1225 2339 1275 2392 der
1293 2337 1515 2406 lastigenMr'ihe

363 2430 527 2484 iiberhoben
544 2431 613 2496 sind,
633 2432 677 2486 die
690 2431 728 2484 im
741 2433 890 2501 folgenden
903 2449 952 2485 aus
965 2433 1029 2485 sehr
1041 2433 1212 2485 zcrstreuten
1224 2430 1342 2485 Notizen
1361 2433 1514 2499 gemachtc

364 2523 650 2591 Zusammenstellung
677 2525 715 2578 im
740 2525 881 2578 einzelnen
906 2543 939 2578 au
966 2523 1141 2593 berichtigen
1169 2523 1237 2578 oder
1265 2542 1298 2576 zu
1325 2525 1512 2580 vervollstltn-

364 2615 470 2685 digen]

432 2712 474 2776 53)
493 2709 571 2762 Noch
589 2726 728 2777 genauere
746 2712 884 2765 Auslrunft
909 2712 971 2780 gibt
989 2710 1092 2765 Parcus
1109 2711 1138 2763 in
1157 2709 1207 2763 der
1224 2709 1349 2763 Vorrede
1367 2729 1400 2763 zu
1419 2712 1514 2766 seiner

363 2800 490 2865 aweiten,
520 2802 576 2854 und
599 2802 782 2872 mit'einigen
805 2804 1045 2873 Vertndenmgen
1068 2804 1127 2858 also
1156 2822 1205 2857 zur
1234 2803 1338 2856 dritten
1361 2804 1512 2874 Auagabe:

364 2895 455 2948 ‘Inter
472 2926 504 2933 -
523 2895 631 2949 codices
649 2896 771 2965 palmam
785 2898 895 2951 obtinet
907 2897 937 2961 is,
956 2915 1010 2965 quo
1028 2897 1056 2949 in
1070 2897 1183 2966 Europa
1194 2896 1382 2965 antiquiorem
1400 2899 1512 2952 nullum

363 2989 471 3041 exstare
491 2989 665 3043 consentiens
689 3008 798 3059 semper
821 2989 965 3044 doctorum
989 2991 1042 3044 fuit
1065 2989 1171 3058 opinio,
1198 3006 1335 3056 quemque
1359 2991 1437 3044 omni
1460 3010 1512 3046 suo

362 3081 462 3134 merito
484 3081 551 3151 ipsis
574 3083 722 3137 Pandeetis
745 3082 911 3138 Florentinis
933 3083 1152 3153 aequiparatunt
1179 3082 1231 3136 viri
1257 3083 1419 3137 doctissimi.
1457 3085 1512 3139 De·

363 3174 482 3243 scriptus
499 3174 546 3228 ille
558 3174 611 3227 fuit
622 3175 651 3229 in
669 3176 757 3230 veteri
775 3178 946 3243 membrana,
964 3176 1074 3245 integer
1086 3175 1206 3244 quidem,
1224 3176 1287 3241 sed,
1306 3178 1337 3228 ut
1348 3178 1513 3246 apparebat

363 3283 378 3317 e
392 3266 535 3330 vestibulo,
555 3268 617 3320 octo
636 3268 772 3323 duntaxat
789 3270 925 3339 primores
938 3270 1047 3323 fabulas
1059 3269 1138 3323 initio
1150 3269 1256 3336 habuit,
1277 3269 1365 3323 donec
1377 3287 1395 3323 a
1406 3271 1511 3337 scriba,

362 3357 492 3426 imperito
514 3359 562 3412 illo
585 3360 650 3413 licet
672 3364 756 3428 atque
778 3362 891 3416 indocto
919 3362 1051 3431 rupicone
1074 3361 1231 3428 clostrario,
1258 3362 1330 3416 aliae
1358 3363 1512 3418 duodecim

363 3450 461 3516 Plauti,
481 3467 536 3504 nna
554 3469 616 3504 omn
634 3452 849 3521 hypobolimaea
867 3455 1018 3521 Aulularia,
1037 3455 1095 3509 sive
1114 3454 1233 3520 Querolo
1247 3454 1345 3509 Gildae
1365 3456 1511 3526 Sapientis

362 3541 501 3608 Britanni,
530 3559 627 3611 prorso
651 3548 679 3597 et
701 3547 780 3599 clodo
804 3548 875 3616 pede
898 3548 1014 3618 scripta,
1045 3566 1077 3602 ae
1099 3548 1234 3602 Plautinis
1258 3548 1416 3603 Comoediis
1437 3551 1511 3604 inibi

362 3635 529 3704 praemissa,
559 3635 689 3707 deinceps
712 3639 838 3693 adiectae
860 3643 980 3696 fuerunt.
1017 3642 1153 3711 Expertus
1176 3658 1285 3709 quoque
1309 3644 1371 3695 erat
1391 3642 1466 3698 liber
1486 3645 1510 3699 is

362 3746 475 3783 manum
493 3729 646 3782 recensetis
663 3748 718 3784 uon
737 3733 848 3787 omnino
865 3734 1009 3789 ineruditi:
1033 3735 1108 3788 errius
1126 3734 1243 3804 proinde
1262 3734 1509 3792 emendationibus

319 3863 322 3868 .
362 3839 562 3892 saepenumero
581 3823 731 3877 admodum
749 3825 837 3879 adiuti
855 3827 956 3880 luimus
973 3828 1001 3881 in
1020 3827 1216 3897 investiganda
1236 3844 1303 3881 vera
1325 3845 1358 3881 ac
1381 3831 1509 3897 genuina

360 3915 488 3970 lectione,
525 3916 569 3969 Ad
588 3916 691 3970 calcem
714 3917 778 3971 libri
797 3921 946 3974 observare
966 3924 1038 3988 erat,
1063 3920 1181 3975 eundem
1203 3938 1275 3974 anno
1295 3927 1359 3974 1512
1377 3923 1414 3975 ab
1434 3923 1508 3978 Doc-

361 4010 421 4065 tore
452 4010 573 4065 Martino
604 4010 727 4064 Polichio
756 4012 943 4067 Mellerstadio
976 4013 1203 4085 [Mellerstateusi
1231 4013 1338 4067 Franco
1366 4019 1410 4071 ed.
1441 4017 1506 4087 II],

256 4135 264 4148 .
360 4103 450 4171 primo
473 4105 641 4158 Academiae
664 4104 917 4174 Wittenbergensis
938 4108 1071 4174 Bactara,
1104 4112 1132 4161 et
1154 4108 1232 4161 Pauli
1253 4105 1357 4161 Melissi
1381 4107 1505 4171 Schedii,

361 4196 525 4251 Germaniae
543 4200 654 4252 nostrae
673 4198 791 4265 Phoebi,
810 4201 950 4268 quondam
968 4201 1110 4270 populari,
1129 4202 1201 4256 dono
1220 4200 1315 4254 datum
1334 4200 1417 4256 trisse
1435 4201 1505 4257 Vita

360 4287 483 4356 Verler0‚
500 4292 636 4346 bonarum
654 4292 811 4347 litterarum
829 4294 858 4346 in
876 4294 1027 4348 Academia
1044 4294 1180 4363 Lipsiensi
1197 4294 1355 4364 professori.
1380 4295 1404 4347 E
1424 4296 1504 4351 euius

360 4379 551 4437 loculamentis
574 4385 695 4440 librariis
722 4387 918 4456 depromptum
941 4386 1014 4441 hmrc
1044 4388 1167 4443 codicem
1196 4387 1327 4441 Mioaelus
1350 4387 1504 4458 Retingins
