2996 5148
228 377 293 444 430
584 395 801 457 vuarnoovm
823 397 1011 445 susurrus.

230 569 336 612 versus
364 549 494 614 initium
521 550 657 614 traiecta
684 549 771 614 hunc
797 551 902 636 ipsum
924 553 977 616 vix
1000 552 1074 616 ullis
1095 551 1258 618 machinis
1280 575 1376 638 expe

228 659 307 742 dias,
331 660 386 743 qui
408 681 495 724 nunc
517 660 671 724 sehabet
693 661 925 748 rectissime*):

312 799 401 860 Etsi
423 801 483 860 alia
503 801 562 861 huc
584 821 672 861 cansa
695 803 733 860 ad
755 805 785 861 te
808 803 925 876 tdveni,
949 823 1078 879 aequom
1099 805 1248 880 pdstulas.

171 929 180 940 “
227 930 296 994 Nec
318 931 433 995 mirum
454 932 519 994 iarn
540 929 691 996 Plautina
713 935 819 997 aetate
842 933 988 997 contrahi
1012 956 1083 998 earn
1097 957 1210 1000 vocem
1224 939 1378 1020 coeptam

228 1063 307 1125 esse,
324 1064 420 1126 quam
435 1064 500 1106 non
517 1041 579 1106 nisi
595 1045 795 1107 contractam
807 1043 976 1109 Terentius
990 1043 1092 1128 novit,
1109 1049 1160 1110 ter
1175 1045 1229 1110 ille
1245 1053 1380 1125 turpare

227 1153 323 1217 verbo
339 1175 425 1236 usus,
442 1153 567 1218 sexiens
583 1153 768 1236 composito.
791 1153 935 1240 Itemque
951 1159 1027 1219 ante
1042 1153 1231 1220 Terentium
1243 1155 1379 1220 Ennius

225 1263 261 1326 in
277 1262 447 1348 Iphigenia
472 1265 514 1351 [r.
533 1263 593 1328 193
607 1261 648 1327 R.
665 1263 728 1326 264
740 1262 811 1353 V.]:
834 1268 993 1332 Me'nelaas
1011 1287 1059 1330 me
1073 1268 1229 1346 otidrpot:
1252 1275 1286 1332 id
1298 1275 1381 1332 meis

225 1375 316 1438 rc'dus
336 1381 470 1452 reoimco
493 1376 623 1439 re'stilot.
655 1374 702 1439 Vt
723 1375 806 1439 nihil
828 1375 932 1439 dicam
955 1376 993 1440 de
1009 1375 1168 1460 dactylico
1191 1379 1381 1442 carminum

226 1505 361 1567 genere,
391 1483 430 1547 ad
458 1483 541 1568 quod
563 1481 720 1550 Varronis
741 1486 776 1549 in
803 1487 906 1553 Ὄνου
932 1487 1013 1572 λύρᾳ
1035 1487 1092 1550 illa
1119 1488 1204 1572 apud
1226 1487 1380 1553 Nonium

225 1616 257 1676 p.
284 1594 345 1658 182
367 1597 400 1657 et
420 1594 484 1658 230
505 1595 680 1679 pertinent,
704 1596 824 1660 duobus
848 1594 1041 1661 hexametris
1064 1597 1183 1662 talibus
1205 1599 1274 1663 fere
1297 1621 1383 1664 eon-

227 1703 398 1769 cludenda:

352 1845 476 1923 Iurgare
499 1847 617 1922 occepit
639 1847 754 1906 dicens:
779 1867 855 1924 qnae
877 1855 936 1908 iam
958 1848 1053 1908 facis?
1076 1859 1103 1908 et
1126 1871 1201 1926 quor

352 1930 389 1990 In
411 1932 535 2007 volgum
557 1933 662 2009 volgae
685 1936 840 2009 artemque
863 1934 1013 2008 expromis
1036 1931 1235 2013 iuertemW)

312 2077 481 2143 Simillima
502 2079 585 2144 ratio
608 2083 645 2143 et'
663 2080 808 2146 condicio
830 2083 880 2144 est
898 2102 1075 2160 purpure
1096 2083 1187 2147 verbi
1210 2105 1284 2148 curn
1307 2086 1386 2150 suis

228 2190 409 2272 compositis
437 2192 471 2253 et
492 2189 654 2254 derivatis.
699 2189 769 2256 Nisi
797 2191 880 2276 quod
909 2195 942 2255 et
968 2195 1113 2256 servatae
1136 2193 1298 2263 ilittcrae
1323 2217 1386 2259 ex-

227 2296 375 2382 emplum,
399 2299 493 2384 quale
509 2323 525 2364 e
541 2300 696 2366 Varronis
718 2301 839 2365 Iterum
853 2304 932 2366 rust.
954 2301 998 2385 H,
1021 2304 1053 2382 4,
1079 2303 1119 2366 14
1140 2303 1386 2370 Lachmannus

171 2481 178 2496 κ
225 2409 370 2494 protulit,
393 2410 428 2475 in
448 2409 539 2476 libris
553 2411 713 2476 Plautinis
735 2411 829 2475 hodie
851 2410 976 2476 nullum
997 2416 1154 2497 superest,
1178 2417 1211 2478 et
1233 2415 1387 2482 extritae

227 2599 429 2612 —onn-——n—-n

293 2691 318 2759 *)
341 2689 404 2746 Non
425 2693 501 2746 recte
523 2691 596 2746 enim
618 2691 692 2747 hunc
709 2707 819 2746 versum
837 2691 1061 2748 Schneidewinus
1078 2693 1214 2747 tractavit
1230 2693 1387 2768 Philologi

225 2785 245 2838 t.
259 2784 320 2854 Vp.
334 2791 383 2840 376
396 2804 436 2854 sq.
462 2784 517 2839 Vbi
535 2784 774 2854 perversissimam
792 2783 886 2840 dicens
898 2785 971 2840 hanc
983 2785 1164 2841 sententiam:
1184 2787 1250 2842 ‘bin
1261 2788 1309 2843 ich
1325 2807 1386 2846 aus

224 2878 342 2934 anderer
365 2879 565 2948 veranlaseung
587 2897 620 2932 au
642 2878 685 2932 dir
707 2879 888 2947 getremmon,
911 2895 943 2932 so
965 2878 1001 2933 ist
1019 2879 1104 2934 doch
1123 2879 1188 2934 dein
1206 2883 1385 2954 verlangen¹

225 2971 288 3024 dass
305 2971 351 3024 ich
368 2971 446 3025 tadel
463 2971 606 3038 verdiene‚
625 2971 764 3040 gereeht'‚
787 2989 838 3026 suo
856 2971 915 3026 iure
934 2972 1035 3026 utitur:
1058 2989 1114 3027 non
1133 2972 1230 3040 utitur,
1249 2992 1315 3028 cum
1340 2979 1386 3034 sic

224 3065 255 3116 nt
273 3064 338 3118 tecit
357 3065 493 3118 convertit
510 3065 597 3119 verba
614 3065 681 3118 satis
699 3065 791 3133 plana.
816 3064 913 3133 Neque
932 3066 1006 3120 enim
1024 3065 1183 3120 concessiva
1202 3069 1247 3120 est
1265 3073 1294 3126 si
1311 3087 1386 3139 par-

224 3155 309 3210 ticula
326 3159 470 3226 tamquam
492 3176 543 3228 pro
562 3162 617 3216 etsi
632 3159 740 3228 posita,
764 3157 814 3212 sed
833 3157 1027 3214 condicionalis
1046 3159 1225 3228 simpliciter:
1256 3161 1299 3214 ‘si
1320 3163 1387 3219 alia

223 3248 277 3304 nisi
295 3253 324 3304 te
342 3251 509 3324 obiurgandi
527 3268 625 3306 caussa
642 3251 696 3304 hnc
708 3251 817 3318 adveni,
835 3268 955 3321 aequom
972 3251 1112 3321 postulas'
1132 3252 1169 3320 (h.
1184 3269 1209 3306 e.
1224 3253 1304 3308 ‘inre
1326 3259 1386 3312 tuo

225 3343 310 3395 uteris
318 3345 350 3411 ’):
370 3361 424 3412 quo
436 3344 466 3396 id
477 3345 576 3415 ipsum,
596 3343 671 3413 qnod
689 3344 797 3414 expetit
815 3344 1047 3412 Schneidewinus,
1067 3345 1136 3399 dicit
1148 3345 1287 3413 Callicles,
1306 3366 1386 3405 non

224 3434 281 3488 alia
298 3453 328 3490 se
347 3453 444 3492 caussa
461 3437 612 3492 advenisse.
640 3437 825 3508 [‘Trinum1ni
842 3455 954 3492 versum
971 3443 1004 3494 96
1022 3455 1057 3492 ne
1075 3455 1149 3493 nuno
1167 3439 1285 3508 quidem
1304 3443 1385 3498 mihi

223 3528 379 3598 persuadeo
394 3530 430 3584 ad
448 3531 533 3584 talem
555 3531 676 3600 speciem
694 3531 882 3585 revocandum
901 3549 969 3598 esse,
988 3531 1099 3600 qualem
1118 3549 1181 3586 curn
1200 3531 1385 3592 Fritzschius

223 3621 251 3674 in
269 3623 412 3691 prooemio
431 3623 514 3677 schol.
533 3623 663 3678 Rostoch.
683 3622 794 3678 hibern.
815 3641 839 3679 a.
860 3631 925 3679 1849
942 3630 1000 3695 pt
1016 3626 1077 3677 turn
1095 3623 1297 3682 Fleckeisenus
1318 3631 1384 3700 epi-

223 3715 312 3768 stulae
330 3715 365 3768 de
383 3718 437 3770 vet.
451 3718 525 3785 poet.
538 3717 588 3770 lat.
601 3719 700 3785 fragm.
715 3717 785 3772 Geli.
799 3737 826 3788 p.
838 3725 870 3771 21
883 3733 924 3786 sq.
944 3717 1196 3772 commendarunt'
1222 3721 1265 3787 (E
1273 3729 1384 3794 praes,

221 3807 370 3877 Deca'dis.)
388 3839 422 3848 -
439 3808 568 3864 Ceterum
586 3809 620 3863 de
637 3810 692 3864 hoo
710 3809 778 3865 alibi
795 3811 897 3880 agendi
915 3811 1084 3882 meuserit]

290 3904 330 3974 **)
350 3901 538 3973 [Seiungenda
556 3921 573 3958 a
589 3905 691 3974 poetae
710 3905 802 3958 verbis
821 3907 850 3960 et
866 3905 921 3976 ipsi
937 3903 1058 3960 Varroni
1074 3903 1230 3962 tribuenda
1249 3913 1384 3980 iuuare

222 4001 313 4067 coepit
335 3999 434 4054 dicens
453 4015 516 4051 cum
533 3997 658 4050 Vahleno
676 3998 735 4052 visa
752 4000 816 4051 sunt
837 3997 866 4051 in
889 3996 1079 4052 Coniectaneis
1101 3996 1130 4050 in
1152 3998 1237 4056 Varr.
1258 4007 1383 4062 saturas

221 4109 248 4160 p.
269 4096 300 4143 12
319 4093 377 4143 tum
396 4089 517 4146 Luciauo
534 4090 668 4146 Muellero
691 4091 726 4145 de
744 4108 774 4144 re
791 4091 908 4146 metrica
925 4109 951 4162 p.
970 4097 1016 4145 86:
1046 4107 1167 4158 quorum
1184 4093 1251 4150 huic
1274 4115 1383 4154 versus

223 4184 417 4251 anapaesticus
435 4183 500 4238 talis
518 4182 624 4254 placuit

291 4299 367 4364 Quae
385 4304 446 4370 sols,
463 4320 517 4372 age
530 4304 593 4372 quei
610 4302 639 4356 in
657 4303 771 4372 vulgum
789 4303 889 4373 vulgas
907 4305 1051 4372 artemque
1069 4305 1213 4373 expromis
1230 4305 1383 4368 inertem?

222 4420 251 4477 id
270 4420 344 4487 qnod
362 4421 398 4474 ab
417 4422 458 4475 al.
478 4421 570 4476 Riesio
589 4423 746 4490 preceptum
766 4425 809 4476 cst
827 4441 853 4492 p.
874 4425 943 4494 182]
