2996 5148
772 1185 870 1294 IX.

348 1387 404 1481 111
434 1390 651 1504 argumente
682 1385 888 1480 1111111111
919 1384 1041 1479 illlis
1071 1384 1289 1503 gloriare)

747 1609 896 1619 -ss-—s

199 1776 228 1824 111
333 1761 443 1847 Digna
458 1762 507 1824 est
529 1759 684 1843 prolecto,
708 1781 790 1844 quae
804 1761 877 1842 post
897 1757 1048 1830 leviorem
1064 1759 1203 1823 virorum
1227 1759 1400 1826 doctorum

248 1895 378 1958 operam
401 1870 549 1936 subtilius
583 1873 812 1954 pertractetur,
836 1868 1022 1951 neutiquam
1045 1868 1136 1933 exilis
1159 1872 1308 1954 quaestio
1332 1873 1399 1956 illa,

249 2005 330 2066 quae
364 1985 413 2046 est
445 1983 483 2045 de
517 1983 844 2065 argumentorum
866 1977 1072 2042 Plautinis
1105 1979 1260 2044 fabulis
1288 2003 1399 2066 prae·

249 2094 459 2156 missorum
493 2094 598 2154 aetate
628 2093 661 2154 et
682 2089 873 2174 origine.**)
918 2087 1005 2164 Quae
1028 2089 1162 2154 fuerimt
1182 2091 1236 2173 qui
1260 2091 1314 2155 vel
1337 2093 1399 2176 ipsi

249 2201 365 2265 Plauto
388 2201 437 2264 vel
460 2199 599 2266 Varroni
622 2201 672 2264 vel
708 2200 736 2263 si
759 2199 810 2263 eui
833 2198 887 2262 alii
916 2219 954 2262 ex
977 2199 1213 2283 antiquioribus
1235 2222 1305 2264 non
1330 2201 1400 2265 siue

317 2440 341 2508 *)
378 2438 562 2508 [Prooemium
586 2437 687 2492 Indicis
715 2437 871 2490 scholarum
900 2435 1081 2491 hibernarum
1110 2436 1303 2492 Bonnensiam
1334 2457 1399 2494 ann.

250 2531 470 2587 (troreccexm
488 2533 517 2585 et
534 2530 627 2599 xtra]

317 2627 358 2696 ²⁸²¹)
382 2625 457 2694 [Eius
476 2623 659 2693 quaestionis,
683 2623 720 2678 ad
738 2639 820 2690 quam
838 2623 891 2677 hoe
908 2623 968 2691 ipso
986 2623 1129 2693 prooemio
1148 2623 1225 2678 volui
1243 2625 1320 2680 iiam
1338 2643 1399 2680 mu-

249 2718 311 2784 niri,
325 2735 433 2772 summa
445 2717 539 2788 capita
550 2717 647 2786 paucis
660 2717 820 2787 complexus
833 2733 894 2770 sum
907 2715 1128 2785 Prolegomeuon
1140 2735 1167 2786 p.
1184 2717 1317 2772 CCCXVI
1328 2737 1402 2788 sqq,

250 2812 298 2866 ubi
316 2813 345 2866 et
362 2811 519 2866 acrostieha
536 2812 704 2878 argumenta
725 2811 754 2864 et
770 2826 826 2864 non
844 2808 999 2863 acrostieha
1016 2809 1221 2864 Antoninorum
1239 2813 1331 2866 aetati
1348 2813 1402 2866 tri·

249 2905 297 2959 bui
315 2923 367 2960 nee
388 2902 569 2974 improbabili
591 2905 623 2956 ut
643 2905 712 2972 puto
735 2901 893 2956 coniectura
915 2902 1053 2972 posterius
1076 2919 1165 2971 genus
1186 2903 1224 2958 ad
1243 2903 1403 2974 Sulpicium

249 2999 439 3068 Apollinarem
457 2997 559 3052 rettuli.
585 2998 625 3050 Ac
644 2997 678 3049 de
696 2995 738 3050 his
756 2995 867 3064 quidem
885 3012 966 3050 nemo
985 2996 1060 3064 quod
1078 2995 1164 3050 sciam
1183 3003 1282 3051 eontra
1300 2999 1404 3064 aeusit3

250 3092 468 3146 acrostichorum
481 3091 574 3144 autem
586 3107 642 3144 uon
655 3089 778 3143 aetatem
791 3089 899 3168 tantum
912 3089 995 3158 longe
1008 3088 1195 3158 antiquiorem
1208 3090 1342 3160 probare,
1351 3093 1406 3146 sed

248 3184 339 3254 ipsum
359 3184 523 3255 scriptorem
546 3185 702 3238 monstrare
719 3199 800 3251 posse
822 3182 994 3236 Aurelium
1012 3181 1091 3236 illum
1110 3181 1276 3252 Opillium
1293 3188 1405 3252 .(quem

249 3293 298 3330 suo
322 3277 434 3332 invento
458 3277 616 3334 Aurellium
640 3273 747 3343 scribit)
771 3275 896 3330 Osannus'
918 3275 971 3330 sibi
993 3274 1068 3329 viam
1090 3276 1134 3330 est
1157 3275 1187 3328 in
1204 3275 1322 3332 Diurnis
1349 3296 1404 3332 an-

249 3370 298 3437 tiq.
323 3371 396 3424 stud.
420 3387 444 3424 a.
466 3375 530 3424 1819
557 3387 584 3439 p.
607 3375 654 3423 193
677 3385 750 3437 sqq:
781 3367 857 3423 euius
878 3367 973 3422 iudicii
994 3367 1082 3439 priori
1104 3369 1205 3422 saltem
1234 3371 1313 3440 parti
1337 3389 1407 3426 curn

250 3461 298 3515 alii
315 3463 489 3516 accesserunt
506 3463 566 3515 tum
583 3443 776 3516 Fleckeisemis
793 3478 871 3516 mens
888 3460 1037 3516 Annalium
1056 3478 1168 3516 suorum
1180 3464 1201 3515 t.
1214 3468 1249 3517 93
1268 3465 1409 3537 (11866,

249 3573 276 3625 p.
291 3560 314 3609 9.
344 3555 436 3608 Meam
454 3557 547 3609 autem
560 3553 777 3624 disputationem
795 3554 872 3608 illam
892 3573 954 3608 eum
971 3555 1054 3612 hodie
1072 3555 1237 3624 intellegam
1254 3573 1325 3612 sane
1345 3575 1409 3612 nou

249 3648 290 3702 ita
307 3648 374 3702 satis
391 3647 491 3714 lacere,
510 3649 576 3716 quin
594 3648 672 3702 novis
690 3647 761 3702 euris
778 3648 930 3702 retexenda
947 3647 1076 3702 videatur
1088 3649 1116 3702 et
1134 3649 1284 3718 tamquam
1303 3651 1340 3705 de
1364 3651 1410 3706 in-

248 3744 330 3811 tegro
348 3741 518 3796 instituenda
536 3741 575 3809 (id
594 3742 668 3809 quod
685 3759 737 3812 per
755 3741 835 3795 huius
853 3741 907 3796 loei
925 3740 1068 3811 angustias
1091 3741 1152 3794 lieri
1169 3759 1226 3796 nou
1245 3761 1330 3813 posse
1353 3763 1411 3816 ap-

249 3837 349 3905 paret),
368 3835 463 3890 tamen
481 3835 608 3889 Osannus
627 3835 739 3903 quidem
757 3833 919 3889 incredibile
938 3833 1014 3889 dictu
1033 3835 1075 3889 est
1092 3841 1228 3903 quautam
1248 3838 1279 3890 st
1296 3837 1326 3892 in
1348 3857 1414 3894 1111-

248 3928 318 3983 trieo
346 3945 448 3997 genere
472 3927 599 3982 universe
622 3929 679 3982 sive
703 3927 872 3999 imperitiam
894 3927 951 3982 sive
969 3927 1111 3996 ignaviam
1130 3929 1160 3981 et
1177 3927 1205 3981 in
1225 3930 1415 3999 antiquitate

248 4020 359 4090 linguae
377 4020 526 4074 iudicanda
543 4021 733 4089 ignorantiam
751 4023 780 4076 11
797 4021 826 4074 iu
844 4020 959 4091 singulis
982 4019 1161 4074 (1111111111ᾱί1
1180 4019 1415 4092 incogitantiam

248 4113 415 4182 prodiderit:
439 4131 454 4168 e
473 4112 550 4168 euius
567 4115 693 4184 exemplo
711 4114 756 4169 vel
772 4115 813 4168 illi
831 4114 936 4168 discere
954 4114 1042 4168 multa
1059 4113 1235 4183 multumque
1254 4123 1417 4186 poterunt,

249 4206 296 4272 qui
314 4205 430 4260 cuiusvis
453 4205 582 4260 licentiae
606 4207 819 4276 exosculandas,
847 4207 964 4262 cuiusvis
990 4207 1061 4261 adeo
1083 4207 1217 4262 scabritie
1235 4211 1419 4282 palpandae

248 4297 331 4352 hodie
355 4317 482 4354 suasores
506 4299 674 4354 exstiterunt
692 4301 838 4369 ducesque
861 4304 890 4356 et
907 4300 1057 4370 magistros
1074 4317 1135 4354 sese
1153 4301 1256 4357 haberi
1275 4307 1418 4362 student,

249 4389 332 4442 Velut
345 4391 473 4457 quianon
486 4392 638 4447 demiretur
650 4395 812 4452 Pseudolus
824 4397 942 4449 fonnem
960 4409 1012 4465 pro
1025 4411 1060 4448 ea
1077 4411 1149 4462 quae
1168 4399 1245 4450 esset
1264 4399 1421 4460 Pseudu-
