2980 5148
274 372 337 436 256
615 383 837 432 ouossaruvu
860 367 1088 430 eurvrmvu?

274 539 380 603 minus
401 537 542 602 iambum
565 536 726 620 aequabat
739 557 834 620 quam
852 536 1061 600 substitutum
1076 535 1112 598 in
1127 535 1195 598 eius
1209 534 1307 599 looum
1325 538 1387 597 lteri.

273 647 424 713 Posterae
439 647 566 712 demum
581 645 682 710 aetati
704 645 827 729 placuit
843 646 889 709 ita
911 644 970 709 bas
991 644 1111 708 formas
1134 644 1389 730 distinguerent,

273 758 330 822 ubi
350 755 536 842 pyrrhichio
562 777 642 842 opus
664 758 762 836 esset,
786 761 859 819 ltere
886 755 1052 839 probaret,
1082 760 1151 818 beri
1175 759 1311 820 servaret
1328 754 1391 817 iam·

273 868 345 932 bioo
367 887 514 932 numero:
537 888 599 950 quo
621 887 698 930 saue
719 865 804 930 viam
826 868 999 950 paraverat
1021 865 1240 947 corripiendae
1266 864 1298 928 in
1321 884 1392 927 sose

199 1038 203 1050 ,
274 977 348 1042 uioa
375 975 463 1060 poesi
491 977 557 1040 sive
586 981 655 1040 loerr'
675 975 742 1040 sire
764 981 837 1039 here
857 976 979 1039 formae
1001 975 1106 1039 venia.
1135 1011 1178 1024 -
1206 973 1344 1040 Cetemm
1366 973 1394 1035 iu

275 1087 467 1152 oomioorum
489 1107 547 1150 usu
570 1085 765 1168 explorando
794 1085 939 1149 consulto
965 1107 1053 1150 nuno
1080 1083 1294 1166 substitimus,
1320 1103 1396 1167 prae-

274 1195 430 1262 termissis
458 1217 571 1280 purum
598 1194 771 1259 fructuosis
797 1197 942 1258 veterum
969 1195 1198 1279 magistrorum
1226 1191 1396 1278 praeceptis,

275 1328 356 1392 quae
379 1304 555 1389 composita
577 1305 677 1370 babes
699 1305 734 1368 in
750 1304 871 1368 Handii
893 1303 1074 1368 Tursellino
1096 1309 1120 1368 t.
1137 1303 1186 1368 ΠΙ
1208 1325 1240 1388 p.
1262 1303 1301 1368 62
1321 1323 1363 1386 sq.

358 1418 400 1482 53
422 1421 671 1480 altrinsecus:
693 1412 852 1478 Rudentis
866 1412 924 1496 IV,
940 1414 972 1497 4,
998 1414 1060 1477 114
1081 1413 1193 1500 (1158)
1218 1417 1399 1479 [1611111111-

274 1528 371 1593 scotist
397 1531 569 1590 securicula
596 1527 735 1604 inopes,
767 1530 869 1588 iridem
900 1524 1015 1588 aureo:
1050 1523 1096 1587 sie
1123 1525 1211 1588 enim
1233 1525 1310 1588 duce
1329 1521 1400 1586 Pris-

276 1637 368 1702 eiauo
390 1635 437 1700 VI
459 1658 491 1720 p.
517 1635 578 1700 125
608 1634 682 1717 (281
707 1632 763 1718 Η.)
791 1633 1006 1698 scribendum.
1051 1633 1174 1698 Eadem
1202 1634 1308 1719 glossa
1327 1630 1401 1696 inlrs

276 1749 427 1830 excerpta
449 1748 498 1809 est
520 1747 540 1826 §
562 1745 605 1809 54
626 1765 643 1807 e
666 1743 770 1808 Milite
797 1743 879 1828 glor.
902 1742 951 1826 Π,
975 1745 1011 1828 5,
1035 1744 1076 1808 36
1098 1743 1190 1831 (446)
1215 1746 1287 1824 qmb
1307 1749 1402 1806 retines

276 1859 463 1934 altrinsecus,
489 1854 567 1935 §62
582 1875 600 1918 e
616 1852 794 1918 Mercatore
816 1853 857 1936 V,
873 1855 904 1936 4,
924 1855 963 1918 16
984 1853 1077 1939 (911)
1100 1876 1157 1933 epo
1178 1857 1322 1919 ddsr'stom
1343 1857 1403 1916 linc

277 1969 464 2043 altrinsecus,
489 1967 509 2046 ξ
531 1964 573 2029 69
595 1986 612 2027 e
634 1962 794 2027 Pseudulo
814 1963 874 2046 111,
899 1964 929 2046 2,
955 1965 996 2029 13
1019 1963 1111 2048 (862)
1134 1965 1166 2027 td
1188 1963 1402 2029 1111101166-

276 2099 379 2171 11111.Ι
402 2075 449 2140 Vt
469 2097 535 2140 non
557 2073 661 2158 possit
681 2095 748 2138 non
770 2074 861 2158 gravi
885 2073 1053 2138 offensioni
1076 2095 1144 2151 esse
1167 2073 1309 2139 eiusdem
1323 2071 1405 2136 Pseu-

278 2187 344 2252 duli
365 2186 470 2250 versui
492 2186 523 2268 Ι,
547 2187 583 2268 3,
610 2186 669 2249 123
692 2185 783 2269 (351)
813 2182 974 2248 adhibitus
1004 2183 1057 2248 hie
1085 2187 1238 2248 accentus
1261 2183 1404 2254 Pseridule,

277 2303 389 2362 adsiste
403 2299 593 2360 dllrr'mse'eus
608 2308 699 2374 utque
712 2297 807 2360 όηενα
821 2299 902 2358 bunc
916 2295 1091 2359 maledicas.
1110 2299 1161 2358 PS.
1178 2301 1269 2360 lieet:
1293 2291 1406 2378 quaudo

277 2407 330 2471 vix
350 2405 461 2470 lioebit
483 2405 521 2468 de
544 2404 710 2488 diremptis
725 2410 828 2468 ultrim
848 2424 934 2468 secus
956 2403 1119 2468 vocabulis
1142 2405 1299 2490 cogitare.
1335 2399 1408 2466 Huic

276 2515 600 2602 igiturinoommodo
622 2537 685 2598 qus
706 2513 826 2578 mederi
850 2513 1033 2578 coniectura
1056 2535 1152 2578 susus
1168 2513 1241 2596 sim,
1265 2513 1335 2578 vide
1349 2511 1407 2576 Mu·

277 2627 324 2691 sei
345 2625 496 2690 Rbeuaui
519 2628 543 2688 t.
566 2623 630 2688 Vll
652 2647 683 2710 p.
707 2625 770 2688 416
792 2623 1020 2708 significatum.

361 2736 407 2800 In
422 2733 552 2800 Milite
574 2734 763 2819 glorioso.
807 2734 850 2798 54
871 2741 1123 2800 ullrr'nsoeus:
1145 2733 1189 2818 Il,
1206 2735 1239 2818 5,
1256 2735 1299 2800 36
1314 2731 1409 2820 (446)

277 2844 532 2926 1161116953.

361 2957 403 3024 55
424 2956 676 3036 compsissime
697 2954 857 3039 probabili
878 2954 942 3019 uisi
965 2955 1060 3020 fallor
1083 2955 1272 3020 coniectura
1294 2953 1412 3020 elibro

276 3089 347 3132 rum
362 3065 507 3152 vestigiis
523 3049 683 3129 Martinus
699 3063 849 3129 Hertaius
872 3065 965 3148 eruit,
988 3064 1021 3130 h.
1037 3087 1064 3130 e.
1082 3065 1316 3150 superlativum
1336 3067 1409 3128 tam·

277 3199 372 3262 quam
394 3199 413 3240 a
435 3180 569 3256 κομψῶς
590 3176 714 3240 factum
742 3179 792 3257 (ut
819 3179 948 3258 praeter
975 3175 1040 3238 alia
1066 3175 1101 3240 in
1131 3173 1194 3240 hae
1216 3176 1292 3259 ipsa
1313 3171 1414 3238 lsbuls

279 3292 380 3350 dulice
401 3289 434 3350 et
454 3291 625 3352 comoedica
651 3285 829 3371 graecissat
860 3286 987 3370 poeta),
1000 3337 1006 3344 .
1021 3305 1093 3348 oum
1126 3307 1186 3369 ego
1212 3291 1415 3366 comptissime
1475 3359 1476 3364 η

150 3429 153 3434 ·
280 3395 476 3479 scripsissem
499 3394 612 3460 Militis
634 3394 699 3478 III,
723 3397 760 3477 3,
783 3395 825 3459 66
847 3394 955 3482 (941),
984 3394 1039 3458 ubi
1061 3398 1093 3458 et
1113 3394 1315 3480 vulgabatur
1337 3397 1415 3472 Lepi·
1475 3375 1476 3446 ]

280 3506 398 3569 dissime
418 3516 448 3568 et
468 3508 633 3570 oomr'ssr'me
653 3506 779 3584 confido
800 3505 1008 3587 eonsutdrum,
1032 3507 1065 3568 et
1080 3503 1164 3568 idem
1179 3526 1261 3569 sane
1284 3505 1319 3568 in
1334 3500 1416 3568 Pala·

280 3615 422 3680 tinorum
443 3614 596 3679 memoris
617 3615 711 3682 latet.

365 3726 407 3791 56
429 3732 606 3790 cordate:
643 3725 712 3789 Mil.
735 3724 792 3808 IV,
816 3725 847 3809 2,
871 3725 912 3789 96
936 3724 1047 3810 (1088)
1070 3731 1169 3806 Atque
1190 3727 1282 3805 deleo,
1307 3725 1416 3790 oudin?

282 3835 375 3904 diedo
397 3841 484 3902 docte
504 3848 533 3900 et
555 3837 690 3901 eorddre.
720 3841 779 3900 Ml.
804 3847 836 3900 ut
857 3857 911 3900 cor
933 3843 963 3900 er'
981 3838 1080 3900 soliar.
1127 3834 1287 3900 Similiter
1307 3841 1417 3914 sopien-

280 3961 337 4028 ter,
362 3950 448 4012 ddete
468 3959 498 4011 et
518 3952 645 4011 cordate
665 3948 696 4010 e't
716 3957 784 4010 cute
805 3946 927 4010 sociata
949 3948 1025 4010 sunt
1045 3944 1180 4009 Poenuli
1201 3943 1234 4028 Ι,
1263 3947 1293 4030 1,
1318 3946 1349 4010 3.

364 4056 409 4123 In
424 4056 661 4121 Mercatore.
691 4057 731 4121 51
748 4061 944 4136 ampliter:
967 4053 1093 4140 prologi
1108 4054 1165 4119 99:
1188 4051 1417 4136 1166116813.

365 4169 407 4233 58
429 4174 550 4233 nevis:
575 4165 618 4229 ib.
640 4165 667 4249 Ι,
691 4166 721 4248 2,
743 4167 786 4231 39
808 4166 915 4251 (15Ο);
945 4164 1017 4228 vide
1039 4165 1079 4230 ed
1102 4168 1122 4245 ξ
1144 4163 1197 4229 28.

365 4277 407 4343 59
427 4283 626 4356 sertatim:
649 4274 747 4339 Mero.
771 4274 797 4358 Ι,
814 4276 844 4358 2,
869 4276 910 4338 92
933 4275 1024 4361 (205)
1050 4278 1135 4350 Quod
1152 4283 1301 4354 saltatim
1324 4279 1419 4340 eduru-

282 4393 382 4466 hesed,
406 4389 492 4466 qadsr'
512 4393 543 4450 in
566 4405 678 4463 equum
701 4386 850 4450 indideris
870 4393 974 4450 salem.
