3094 5158
290 349 333 414 52
559 351 651 409 tana
680 362 740 408 nia
763 361 887 408 anima
909 359 976 406 nas
999 358 1165 406 Pnnr'urs.

293 517 354 581 den
388 515 636 580 verschiodenen
669 513 912 598 Ergdnzuugcn
945 512 1001 575 der
1035 510 1219 592 Aulularia,
1256 509 1423 574 Saracenos

293 625 472 690 ausserdem
508 646 580 688 vom
609 623 728 708 Prolog
762 624 816 688 des
847 621 1021 686 Pseudolus
1050 619 1229 686 Kenntniss
1265 619 1333 684 hat.
1385 619 1424 682 Zu

293 733 411 819 Amph.
441 733 498 816 lv,
522 735 557 806 3,
584 735 598 797 l
633 733 778 797 bemerkt
799 732 910 797 Valla:
948 731 1056 795 ‘Inter
1082 731 1276 814 superiorem
1305 751 1423 794 scenam

292 849 325 909 et
351 845 436 908 hane
463 845 553 908 deest
579 847 615 907 nt
642 843 823 927 amphitryo
852 845 884 905 et
911 841 1030 924 iupiter
1056 862 1089 904 se
1111 840 1249 904 invicem
1271 863 1329 924 pro
1351 861 1425 903 moc-

293 954 360 1020 chis
388 955 525 1036 babent,
562 957 659 1038 utque
686 951 840 1036 blepharo
875 951 1037 1016 adhibitus
1065 950 1195 1014 arbiter.
1251 973 1425 1034 quanquam

293 1064 439 1130 nonnulli
478 1063 612 1128 nimium
647 1062 849 1147 impudenter
888 1064 920 1125 et
955 1061 1064 1145 inepte
1099 1061 1338 1126 commenticios
1367 1060 1427 1124 rausi

293 1178 369 1238 sunt
396 1195 558 1238 sermones
588 1173 745 1254 inserere,
778 1194 844 1235 non
875 1171 989 1236 saltem
1019 1192 1129 1234 versus
1141 1221 1149 1253 ‚
1183 1172 1237 1235 sed
1266 1171 1427 1254 nequidem

293 1285 390 1348 ctiam
413 1284 549 1348 latinam
571 1283 749 1374 orationem
771 1303 829 1365 pro
851 1280 1009 1365 plautina.
1046 1281 1228 1344 redundant
1244 1281 1331 1344 enim
1347 1281 1427 1344 viciis

295 1393 500 1456 barbarismis
516 1395 548 1456 ct
563 1391 788 1474 soloecismis’3
811 1391 876 1454 und
893 1389 1086 1454 Saracenos:
1109 1389 1201 1454 ‘Non
1215 1390 1342 1454 inficior
1358 1391 1427 1474 quin

295 1503 380 1566 inter
401 1501 485 1566 haue
507 1506 540 1566 et
561 1523 691 1566 scenam
713 1502 908 1586 superiorem
930 1499 994 1563 alia
1012 1500 1111 1564 fuerit
1131 1521 1253 1584 quoqne
1269 1522 1377 1582 scena,
1398 1503 1428 1563 in

296 1633 358 1696 qua
379 1612 459 1677 ioris
481 1615 514 1675 ct
536 1611 775 1696 amphitryonis
799 1611 963 1676 contentio
985 1609 1186 1694 propalatum
1209 1611 1265 1674 sed
1287 1611 1362 1694 quia
1384 1611 1427 1672 in-

296 1722 428 1806 dignum
457 1721 594 1785 arbitror
622 1721 760 1785 advenas
788 1725 820 1786 et
841 1721 1027 1805 peregrinos
1057 1741 1114 1803 pro
1138 1719 1259 1784 civibus
1282 1719 1429 1804 reputari,

296 1833 411 1896 iccirco
435 1853 542 1897 versus
566 1831 758 1915 complures,
788 1853 866 1915 quos
895 1834 971 1894 ante
999 1830 1191 1894 aeditionern
1214 1834 1357 1894 nostram
1379 1851 1430 1914 pro

296 1939 454 2005 Plautinis
476 1943 613 2005 insertos
641 1941 793 2005 hocloco
816 1941 967 2022 vidimus,
1000 1943 1155 2023 tanquam
1183 1940 1380 2004 adulterinos
1400 1944 1428 2002 et

216 2139 218 2144 Ι
295 2051 481 2115 subditicios
504 2051 683 2115 censuimus
711 2073 778 2115 nou
806 2072 874 2114 esse
897 2049 1110 2114 admittendos
1132 2050 1167 2113 in
1189 2049 1370 2132 plautinam
1390 2049 1431 2112 l·

296 2161 433 2224 miliam:
457 2160 550 2224 sicuti
572 2160 742 2226 nonnullos
765 2160 844 2224 alios
866 2159 990 2224 additos
1012 2160 1047 2222 in
1068 2159 1133 2222 fine
1156 2159 1331 2224 aululariae
1354 2159 1429 2224 etin

297 2259 455 2354 principio
477 2270 619 2354 pseudoli
643 2271 905 2335 comoediarum.’
950 2267 1029 2334 Zum
1049 2268 1177 2334 Schluss
1200 2269 1256 2334 dei·
1271 2269 1432 2333 Aulularia

297 2380 397 2444 heisst
419 2402 451 2444 es
475 2379 525 2444 bei
547 2378 656 2444 Valla:
688 2379 898 2464 ‘Imperfeeta
920 2379 1030 2443 fabula
1053 2381 1116 2462 ast;
1138 2383 1174 2442 ut
1195 2389 1270 2444 vcro
1293 2380 1430 2464 perfecta

297 2489 472 2572 videretur,
509 2489 656 2554 nonnulli
688 2491 875 2574 quisquilias
903 2492 935 2553 et
963 2489 1156 2574 praestigias
1184 2490 1339 2573 quasdam
1366 2490 1432 2554 sub·

298 2599 456 2681 iecerunt,
486 2621 566 2684 quae
594 2600 775 2664 non.modo
797 2623 816 2664 a
838 2599 952 2664 Plauto
979 2599 1075 2684 longe
1104 2599 1235 2683 absunt,
1264 2600 1319 2664 sed
1343 2605 1375 2664 et
1396 2599 1433 2662 ab

299 2709 354 2772 illa
379 2709 502 2772 erudita
526 2712 682 2773 vetustate
703 2713 771 2773 tam
786 2709 891 2774 aliena
907 2712 983 2774 suut
997 2710 1105 2774 omnia
1117 2731 1212 2794 quam
1226 2709 1295 2774 fieri
1311 2711 1434 2794 possit'3

298 2819 349 2883 bei
372 2819 549 2884 Saracenas
572 2841 609 2883 an
625 2819 699 2883 Aul.
717 2818 757 2902 V,
783 2822 814 2885 1:
838 2818 1045 2903 ‘Strophylus
1068 2821 1100 2884 et
1122 2819 1298 2904 Lyconides
1321 2821 1356 2885 in
1377 2820 1433 2884 hac

296 2951 393 2994 scona
422 2929 602 2993 comoediae
629 2929 726 2992 linem
755 2929 895 3012 faciunt,
924 2929 999 3012 quia
1025 2929 1214 3013 imperfecta
1240 2930 1352 2995 fabula
1374 2935 1433 3010 cst3

297 3063 356 3104 nac
388 3043 465 3104 aunt
502 3039 701 3103 admittenda
738 3040 880 3103 earmina
915 3061 996 3124 quae
1033 3039 1303 3104 circumferuntur
1338 3039 1433 3104 veluti

297 3149 444 3233 plautina
467 3149 507 3212 ad
529 3149 786 3232 supplementum
801 3149 945 3232 fabulac3
968 3151 1136 3232 propterea
1153 3153 1243 3213 extra
1258 3149 1434 3234 plautinam

297 3259 458 3322 decuriam
479 3279 608 3322 mouere
631 3281 668 3322 ea
685 3259 834 3323 iussimus
841 3309 850 3342 ‚
874 3281 916 3323 ne
933 3258 1076 3324 ordinem
1091 3260 1197 3343 potius
1218 3260 1434 3324 interturbent

298 3389 393 3452 quam
408 3367 592 3450 impleant'
622 3369 672 3432 Ob
695 3368 764 3434 bier
779 3368 829 3432 dic
845 3369 969 3433 Scenen
985 3369 1040 3433 des
1061 3369 1181 3434 Codrus
1197 3369 1274 3432 oder
1289 3369 1345 3434 das
1368 3391 1434 3434 vor-

233 3494 278 3543 197
299 3475 500 3560 bergehende
523 3476 622 3540 Stuek
644 3479 787 3561 gemeint
809 3479 870 3562 sei,
894 3479 976 3542 l'asst
990 3478 1059 3542 sich
1074 3479 1165 3544 nieht
1180 3479 1239 3543 mit
1255 3479 1435 3545 Sicherheit

299 3585 522 3668 eutschcidcn3
550 3586 630 3649 eben
658 3608 693 3650 so
722 3589 842 3673 menig,
877 3590 917 3653 ob
941 3589 1118 3654 Saracenas
1146 3591 1202 3653 das
1225 3588 1432 3674 Supplement

298 3696 354 3760 der
382 3694 548 3758 Aulularia
575 3695 841 3761 handschriftlich
869 3700 944 3763 oder
973 3699 1130 3783 gedruckt
1163 3699 1265 3784 (daun
1293 3723 1354 3764 nur
1381 3722 1434 3763 aris

298 3806 355 3870 der
381 3804 479 3869 editio
506 3803 706 3890 Hermolai*)
735 3807 872 3892 kannte3
900 3810 1053 3873 wdhrend
1076 3830 1109 3874 es
1137 3809 1220 3874 beim
1243 3809 1435 3896 Amphitruo

297 3916 385 3980 seina
408 3915 521 3978 Worte
543 3913 626 3978 wohl
655 3915 747 3980 nicht
768 3919 964 3982 zweilelhaft
991 3919 1113 4003 lassen,
1142 3919 1214 3983 dass
1237 3941 1273 3983 er
1294 3921 1434 3984 wissenb-

298 4026 362 4090 lich
385 4025 437 4089 ein
461 4023 558 4089 sehon
588 4025 779 4108 gcdrncktes
801 4027 900 4093 scaen
923 4030 957 4094 in
980 4029 1085 4093 seincr
1106 4029 1258 4114 Ausgabe
1280 4031 1434 4115 wegliess.

297 4181 498 4192 -——

365 4279 389 4345 *t
421 4279 505 4350 [Desa
527 4277 602 4334 dieas
625 4285 797 4350 sogcnannte
819 4281 905 4337 editio
928 4281 1070 4339 Hermolai
1091 4300 1152 4338 nur
1174 4281 1218 4339 die
1237 4281 1434 4356 supplementa

299 4385 331 4422 au
349 4371 513 4440 Amphitruo
532 4373 588 4427 und
607 4374 758 4429 Pseudolus
777 4376 897 4442 entbblt,
915 4376 953 4430 ist
970 4379 1042 4432 oben
1060 4395 1087 4447 p.
1106 4385 1139 4432 48
1157 4379 1282 4450 gesagt]
