3002 5146
424 402 649 498 anossnnrvn
670 403 882 450 ruavrrnvu.
1161 387 1226 454 229

97 556 201 620 scholis
223 555 359 638 publicis
390 555 444 619 ille
472 556 592 639 prodiit
625 555 756 640 Georgii
788 555 931 620 Vallac
964 558 1223 641 commentarius,

97 687 177 750 quem
199 665 320 729 calamo
342 689 361 728 a
376 687 410 729 se
432 668 599 749 exceptum
620 667 758 730 loannes
779 665 893 730 Petrus
915 666 999 731 filius
1019 668 1127 732 iunxit
1149 667 1224 732 Ber-

96 775 176 839 nardi
197 774 349 840 Saraceni
372 775 505 840 editioni
528 776 654 840 anobis
669 776 849 860 descriptae
864 776 967 842 Musei
989 777 1100 861 philol.
1118 777 1222 842 Rhea.

97 883 141 971 [ab
155 885 321 950 Wclckero
336 884 521 969 Naekioque
547 886 635 974 editi]
653 889 676 950 t.
703 886 747 950 IV
768 909 800 970 p.
827 888 887 952 192
905 885 1013 974 [supra
1034 911 1067 972 p.
1089 887 1141 951 22.
1157 887 1222 974 481.

94 994 152 1060 Nee
171 996 216 1060 Io.
241 994 422 1080 Baptistam
449 995 543 1060 Pium
575 1018 639 1059 non
671 997 814 1080 suspicor
842 999 968 1081 partem
992 1000 1221 1081 cartaeorum,

93 1106 193 1189 quibus
215 1105 301 1170 haud
323 1106 487 1170 indoctum
510 1107 771 1170 commentarium
796 1129 888 1171 suum
916 1108 1095 1191 craterum,
1126 1106 1221 1172 simili

94 1216 297 1300 praeceptoris
319 1217 580 1299 interpretationi
600 1215 743 1301 Philippi
765 1216 954 1282 Beroaldi
984 1221 1151 1301 acceptam
1173 1239 1220 1282 re-

92 1327 179 1390 l'errc:
215 1327 253 1390 de
292 1347 355 1409 quo
382 1325 501 1390 ibidem
537 1325 659 1390 dictum
686 1349 718 1410 p.
745 1327 803 1390 197
829 1326 893 1416 [53]
919 1349 965 1412 sq.
1028 1327 1078 1391 Ex
1106 1327 1220 1392 talium

91 1457 208 1500 numero
229 1436 457 1520 magistrorum
479 1436 543 1499 fuit
565 1436 663 1500 etiam
679 1435 878 1500 Guarinus
901 1437 1106 1520 Veronensis,
1131 1436 1219 1502 cuius

91 1547 155 1609 item
177 1547 349 1611 continuus
371 1547 405 1610 in
428 1545 579 1610 Plautum
602 1547 849 1610 commentarius
878 1549 983 1610 exstat
1010 1547 1045 1610 in
1067 1547 1219 1612 recentis-

89 1655 158 1720 simo
179 1657 287 1720 codice
310 1655 470 1720 Vaticano
491 1679 523 1720 n.
550 1656 628 1720 1631
653 1658 725 1720 octo
753 1655 936 1720 fabularum
957 1656 1156 1742 priorum*),
1186 1659 1219 1721 et
1237 1670 1266 1720 lv

90 1769 119 1828 nt
137 1788 172 1829 er
193 1765 365 1850 Hildyardi
386 1767 487 1849 praef.
510 1766 545 1829 in
569 1765 676 1830 Aulul.
700 1788 732 1849 p.
756 1764 834 1829 XIV
857 1788 904 1850 sq.
928 1767 1155 1850 perspicimus,
1183 1767 1218 1832 in

88 1873 251 1940 Harleiano
265 1875 312 1940 Η.
326 1877 420 1940 2454.
451 1876 622 1940 Praeterea
645 1877 827 1954 ἀνωνύμων
849 1875 1048 1961 quorundam
1071 1876 1121 1941 vel
1144 1899 1217 1942 con·

88 1985 180 2049 tinuos
203 1986 450 2051 commentarios
478 1985 528 2050 vel
552 1989 637 2050 certe
661 1986 831 2069 ampliores
858 1985 1081 2052 adnotationes
1103 1989 1138 2052 in
1161 1988 1217 2052 ali-

86 2100 152 2177 quot
173 2095 337 2160 codicibus
364 2097 577 2180 repperimus,
607 2095 762 2180 equibus
789 2095 963 2160 notabilior
986 2097 1099 2160 ceteris
1122 2097 1216 2162 Vrbi-

87 2227 135 2268 nas
159 2206 295 2270 membr.
319 2206 397 2288 362,
427 2206 516 2270 cuius
544 2205 638 2269 initio
660 2205 740 2270 haec
762 2204 930 2290 legrmtur:
959 2211 997 2270 In
1025 2210 1082 2272 boc
1111 2213 1217 2272 codiee

84 2322 242 2381 continetur
273 2329 465 2381 commentam
493 2323 523 2379 in
551 2319 722 2380 Terentiam
744 2327 862 2380 eratum
885 2337 925 2380 ea
948 2323 1144 2381 uetustissimo
1166 2339 1214 2382 eo·

84 2429 149 2489 dice.
176 2433 246 2490 item
280 2432 367 2490 alind
396 2433 426 2489 in
454 2431 615 2490 concinitas
643 2431 751 2490 Plauti
782 2431 965 2490 Comoedias.
1016 2425 1060 2490 nc
1088 2427 1126 2490 de
1155 2427 1215 2492 hoc

83 2535 206 2620 quidem,
231 2535 320 2620 quod
341 2534 456 2618 incipit
476 2535 500 2598 f.
522 2535 575 2618 86,
598 2539 684 2600 recte
707 2536 748 2599 A.
773 2535 877 2601 Maius
900 2536 1061 2620 adscripta
1083 2537 1214 2601 adnota-

82 2642 161 2719 tione¹
183 2649 229 2710 sic
259 2645 428 2710 iudicavit:
471 2649 525 2714 Eu
546 2652 638 2710 italus
659 2665 765 2710 reeens
786 2653 909 2726 quidam
931 2653 1096 2726 ialerpres:
1137 2670 1213 2711 nam

82 2754 148 2817 adeo
169 2755 286 2840 lingua
308 2755 390 2818 Itala
412 2755 512 2818 utitur
533 2756 557 2819 f.
586 2757 680 2838 135¹13
704 2755 898 2820 Terentiano
921 2759 1028 2820 autem
1049 2769 1213 2821 commento

81 2864 132 2927 cisi
150 2865 370 2948 subscriptum
392 2869 440 2930 est
455 2865 605 2931 Saavrvs
626 2887 755 2949 nomen,
778 2869 888 2930 tamen
911 2872 1064 2932 uetustatis
1085 2865 1212 2948 quidem

83 2975 382 3040 commendationem
403 2976 430 3038 is
454 2975 561 3058 codex,
586 2997 603 3039 e
625 2997 687 3060 quo
709 2978 940 3060 transcriptum
961 2976 1039 3058 fuit,
1063 2974 1212 3039 habuisse

81 3084 124 3146 sir
144 3089 266 3168 potest:
291 3089 359 3148 tarn
374 3085 425 3149 hic
447 3085 568 3149 futtilia
591 3089 624 3150 et
644 3087 740 3170 plane
763 3086 890 3150 inutilia
912 3085 1148 3163 traduntur.**)
1170 3123 1211 3133 -

135 3289 159 3355 *)
184 3286 375 3357 Bombycinus
402 3289 443 3342 cst
469 3289 575 3342 formae
602 3287 752 3355 maximae,
777 3295 825 3342 112
843 3288 1020 3355 schedarum,
1039 3288 1210 3344 Aululariam

78 3381 236 3450 postponens
264 3379 391 3450 Epidico.
432 3379 624 3434 Praemittitur
653 3383 716 3438 Viin
743 3383 842 3439 Plauti
860 3400 915 3452 per
939 3385 1097 3440 Greorinnm
1123 3385 1208 3442 Vera-

79 3491 188 3532 nensem.
211 3475 283 3528 Post
296 3473 395 3543 Amph.
409 3473 483 3540 1V,s
502 3472 608 3542 aliquid
625 3473 798 3529 intercidisse
817 3474 925 3530 duabus
944 3475 1098 3532 rationibus
1115 3479 1207 3547 argui·

77 3565 122 3631 tur,
139 3583 258 3634 quarum
283 3569 426 3624 ‘secunda
449 3569 524 3636 quod
542 3569 691 3625 Guarinus
709 3585 740 3626 se
757 3570 863 3626 habere
881 3571 987 3638 aliquot
1006 3588 1110 3630 uersas
1128 3574 1207 3630 atia-

77 3665 111 3714 ωε
128 3664 155 3716 in
172 3662 382 3730 amptiiricne,
401 3678 470 3728 anos
488 3663 517 3716 in
536 3667 593 3718 iaia
611 3663 754 3718 comoedia
773 3663 873 3719 abesse
891 3671 1028 3720 consini.’

133 3753 171 3820 *ἢ
190 3752 319 3807 Sasvrvs
337 3751 456 3806 nominis
468 3769 540 3821 quas
559 3752 596 3806 sit
613 3752 697 3820 ratio,
717 3770 750 3807 ex
768 3753 808 3808 eis
821 3755 909 3809 conici
926 3755 1042 3826 poterit,
1061 3775 1132 3825 quae
1144 3761 1208 3812 sunt

75 3844 139 3910 apud
160 3844 348 3914 Saringarum
370 3844 440 3898 Hist.
464 3845 547 3900 schol.
573 3845 620 3899 lat.
641 3845 652 3898 I
675 3863 703 3915 p.
724 3852 779 3900 111.
810 3877 843 3885 -
872 3848 954 3903 Initio
977 3851 1064 3904 codex
1081 3851 1134 3905 boc
1152 3853 1205 3906 est:

76 3939 235 3996 auctoriate
249 3939 423 4008 Affrieanus
440 3940 543 4008 lenitur
559 3941 653 4009 fnisse
671 3956 751 4007 qnam
769 3942 915 3998 destructa
932 3945 1099 4010 caritapine
1111 3945 1206 4012 Scipio

74 4030 233 4096 affricanus
250 4035 330 4088 inter
347 4033 420 4088 alios
437 4037 566 4101 captiuos
578 4034 696 4088 Romam
714 4034 844 4090 adduxii.
864 4037 917 4092 sed
927 4039 1072 4104 recoanita
1090 4039 1205 4102 sapien·

74 4125 107 4174 n'a
128 4127 188 4181 eius
211 4127 330 4182 babitus
352 4131 395 4182 esi
418 4128 447 4181 in
470 4129 595 4182 maxima
618 4129 783 4182 reuerentia
810 4129 889 4195 apud
910 4129 1055 4184 Romanos
1076 4129 1207 4196 faciendi

77 4215 231 4275 tommano
251 4224 282 4275 ei
299 4220 455 4286 iraaedias.
490 4219 621 4286 Querens
643 4222 820 4276 occasionem
842 4238 898 4287 qun
916 4222 1022 4287 populo
1045 4221 1124 4277 Rom.
1141 4223 1204 4289 pla-

74 4315 140 4364 σιεγε
162 4313 252 4367 ualuit
275 4311 383 4388 facere
402 4314 541 4368 comecias
560 4322 632 4379 quae
650 4317 677 4367 ei
695 4315 830 4368 maiorem
849 4313 995 4368 militatem
1017 4314 1205 4381 conserebant

72 4405 95 4454 ie
110 4405 241 4460 maiorem
260 4403 475 4460 delectationem
491 4405 645 4476 faciebam.
664 4434 695 4442 -
720 4403 750 4460 P.
769 4409 785 4458 2
804 4403 873 4458 hacc
888 4401 1032 4472 leguntur:
1051 4405 1204 4470 Sciendum
