2996 5148
294 343 357 406 388
574 359 813 419 ovissmouss
838 357 1144 406 roroonsmnoas.

294 511 355 574 fori
388 513 512 595 partem
535 517 681 596 spectare
703 535 800 596 gravo
822 511 978 576 Varronis
1000 510 1230 590 testimonium,
1264 511 1364 574 etibro
1381 509 1402 572 b

294 621 332 684 de
356 622 421 684 vita
444 621 552 704 populi
575 621 712 687 Romani
736 624 910 687 excitatum
933 646 952 684 a
974 620 1080 686 Nonio
1103 644 1134 704 p.
1158 621 1237 686 532:
1269 627 1318 684 tae
1336 628 1403 683 lala·-

294 737 374 794 aallo
391 739 523 811 primam
542 736 677 808 forensis
700 739 834 812 dignitas
855 739 950 798 creail
983 741 1074 810 alqire
1094 753 1135 794 ex
1157 736 1287 795 tabernis
1305 737 1407 794 lanieris

292 848 490 918 argentariae
508 845 624 917 factae.
670 842 718 905 Ea
740 843 841 926 igitar
862 841 997 906 mutatio
1020 841 1185 924 <inseritur
1200 841 1320 924 quando
1338 841 1406 902 sads

292 951 344 1015 sit.
379 951 497 1026 Quinto
520 952 645 1016 saeculo
670 952 837 1016 ersonus
859 951 974 1015 tribuit
997 950 1105 1014 Deser.
1128 950 1217 1014 urbis
1241 949 1407 1028 Itoniaeili,

291 1061 312 1124 2
334 1085 365 1145 p.
389 1062 442 1144 25,
477 1062 723 1126 ratiooinatione
757 1063 835 1125 satis
858 1061 968 1124 subtili
991 1060 1052 1123 hae
1073 1083 1160 1143 usus,
1185 1061 1268 1144 quod
1289 1051 1328 1124 ad
1342 1060 1409 1123 iden

292 1175 417 1256 tempus
451 1171 516 1236 alia
547 1174 732 1256 pertineant
764 1173 873 1236 eodem
906 1169 1042 1236 librali
1076 1159 1265 1234 aVairono
1285 1173 1409 1234 bastela.

292 1283 412 1346 Verum
432 1285 494 1346 'est
521 1285 699 1365 temporum
729 1283 930 1366 potissimam
962 1280 1073 1344 ordine
1099 1303 1150 1344 res
1174 1280 1343 1344 Varronem
1363 1279 1410 1342 dis-

292 1393 434 1476 posuisse
467 1395 618 1476 quattuor
650 1393 688 1454 de
710 1395 776 1456 vita
809 1393 844 1456 P.
871 1393 909 1456 It.
933 1390 1079 1471 inrisu:
1112 1389 1207 1454 faeilo
1242 1391 1322 1454 enirn
1341 1391 1410 1469 frag·

292 1505 401 1566 menta
423 1503 555 1584 docent,
590 1523 650 1566 nee
673 1503 842 1586 quicquam
865 1499 987 1582 salsius,
1011 1522 1106 1584 quam
1129 1501 1212 1584 quod
1236 1502 1332 1566 menti
1352 1521 1412 1562 suae

291 1611 412 1696 Popma
434 1611 631 1693 informarit,
655 1612 758 1694 primo
780 1610 862 1673 libro
886 1609 988 1694 egisse
1011 1609 1101 1673 illum
1124 1617 1161 1674 lle
1184 1633 1219 1674 re
1240 1615 1382 1690 familiari
1397 1629 1411 1670 a

287 1729 434 1801 protritus,
470 1727 601 1786 seeundo
634 1726 671 1784 de
693 1728 800 1786 alcluis
818 1725 1038 1784 'consuetudine
1057 1727 1256 1802 oritniyenia,
1287 1727 1367 1786 terlio
1385 1725 1414 1780 ‹lr

290 1839 459 1912 disciplinis
487 1838 600 1910 priscis
633 1837 810 1895 necessariis
832 1837 924 1894 allae:
957 1829 1071 1913 quibus
1099 1833 1299 1912 argumentis
1321 1829 1413 1915 (Nonii

291 1965 321 2025 p.
344 1943 407 2004 494
430 1941 613 2005 testimonio
634 1940 784 2024 proditis)
802 1940 908 2023 capita
929 1941 1055 2002 tantum
1071 1940 1167 2022 primi
1183 1941 1259 2004 libri
1274 1941 1414 2004 destinato

290 2051 389 2114 suere.
436 2051 547 2133 ltaque
571 2061 641 2114 eum
664 2049 743 2114 illud
766 2050 979 2114 certissimum
1002 2049 1054 2131 sit,
1086 2050 1227 2114 seeundo
1254 2051 1332 2116 libro
1350 2047 1415 2110 Var-

289 2181 400 2224 ronem
422 2160 568 2242 quintum
591 2161 753 2224 saeculum
775 2182 840 2224 non
863 2181 1027 2244 egressum
1049 2181 1132 2223 esse:
1168 2161 1219 2224 oui
1253 2162 1296 2224 rei
1320 2159 1414 2222 firmis-

289 2270 404 2333 simum
426 2275 651 2352 argumentum
674 2271 794 2355 potitur
818 2253 835 2332 a
857 2268 943 2332 tertii
966 2267 1039 2332 libri
1060 2269 1144 2352 apud
1160 2269 1304 2336 Nonium
1324 2294 1352 2354 p.
1366 2269 1417 2332 mr

288 2379 340 2443 his
362 2379 487 2442 verbis:
522 2401 591 2444 eram
623 2393 729 2460 posteo
754 2387 786 2444 C.
811 2385 931 2444 Lutatio
953 2386 1070 2444 consuli
1097 2385 1140 2444 alt
1161 2387 1288 2458 [legalis
1309 2386 1414 2445 insoles.

288 2511 355 2554 earn
378 2495 441 2569 lpse
462 2497 621 2570 colapalla
643 2498 718 2556 telas
739 2501 821 2568 esset,
847 2490 974 2574 qnando
997 2489 1037 2550 ad
1052 2490 1194 2574 Aegates
1216 2490 1345 2555 Lutatio
1365 2511 1416 2552 eos.
1476 2493 1477 2547 l

289 2603 469 2684 pugnatum
491 2603 540 2664 est
563 2622 591 2663 a.
615 2601 695 2670 512:
718 2604 828 2663 tamea
851 2599 952 2662 altero
974 2619 1012 2660 ex
1034 2601 1126 2683 parte
1149 2600 1293 2664 dubitari
1321 2597 1417 2682 nequit

288 2709 366 2792 quin
389 2709 472 2772 idem
494 2710 548 2772 ille
571 2709 652 2774 liber
674 2711 704 2772 ΙΙ
729 2711 825 2774 otiam
848 2731 898 2772 res
920 2709 1033 2792 quinto
1054 2709 1180 2773 saeculo
1204 2711 1327 2794 priores
1349 2731 1406 2774 oon

287 2819 398 2902 plexus
414 2819 465 2882 sit.
483 2817 575 2882 ‚Nam
590 2823 627 2882 ut
641 2819 700 2884 hoa
716 2842 815 2882 unum
838 2818 1016 2896 afferamus
1041 2819 1081 2882 ad
1094 2823 1223 2902 captam
1249 2825 1292 2902 (a.
1315 2820 1385 2885 :iob
1405 2843 1419 2878 s

287 2927 388 2992 Gallis
412 2928 530 2992 Vrbem
564 2929 782 3012 fragmentum
816 2929 957 3012 pertinet
991 2950 1028 2991 ex
1063 2949 1099 2992 eo
1131 2927 1214 2992 libro
1251 2930 1379 2994 allatum
1405 2951 1418 2987 a

286 3037 392 3102 Nonio
414 3061 445 3121 p.
468 3037 541 3102 498.
551 3037 600 3119 **)
644 3037 783 3122 Verique
806 3037 909 3102 simile
932 3046 980 3101 est
997 3038 1138 3121 omnino,
1162 3041 1250 3122 quod
1273 3041 1308 3104 in
1331 3044 1419 3103 traus-
1474 3103 1475 3135 1

242 3151 273 3201 Vt
287 3168 380 3212 eursu
414 3148 597 3231 signitiaare
620 3148 725 3231 liceat,
749 3149 852 3232 primo
883 3147 965 3211 libro
987 3169 1099 3231 regum
1121 3151 1271 3231 tempora
1294 3151 1419 3214 tractata

286 3278 369 3339 esso,
403 3257 525 3320 Punica
553 3261 697 3341 tempora
723 3258 819 3322 tertio
843 3257 1080 3341 comprehensa.
1126 3257 1175 3322 Ex
1206 3259 1259 3324 his
1283 3260 1419 3337 estis-itur,

287 3370 398 3429 contra
431 3369 527 3450 atque
571 3370 684 3432 statuit
710 3367 890 3450 Emisenos,
924 3389 990 3432 aon
1012 3368 1166 3450 impedire
1189 3367 1349 3436 Varronis
1369 3371 1420 3432 tes-
1473 3389 1474 3427 r

306 3529 487 3540 --..-—·.—.

352 3618 377 3686 t)
409 3617 595 3688 [secuntias.
620 3638 691 3687 quae
713 3621 827 3690 partitio
850 3623 879 3675 ot
897 3621 1041 3690 dispositio
1060 3623 1160 3677 horum
1177 3623 1320 3680 libroriun
1340 3623 1420 3681 fuerit.

285 3711 350 3780 post
371 3726 422 3764 nos
445 3713 581 3780 quaesivit
604 3713 772 3782 Georgius
796 3713 894 3768 Thilo
921 3713 950 3766 in
978 3715 1174 3770 dissertatione
1198 3717 1344 3773 Bonnensi
1365 3715 1420 3770 anni
1472 3693 1473 3720 ¹

287 3811 359 3870 1853,
378 3821 450 3872 quae
468 3807 511 3860 ost
528 3805 578 3860 ‘de
596 3805 721 3860 Varrone
740 3806 880 3860 Plutarchi
893 3805 1091 3870 ersestionum
1103 3795 1300 3866 Romanarum
1319 3813 1421 3866 auctas·

283 3897 459 3966 praecipuo’,
478 3915 505 3966 p.
524 3905 540 3952 4
559 3915 619 3966 sqq.
656 3899 734 3952 Addo
752 3900 848 3953 nostra
865 3899 953 3952 Musei
973 3901 1099 3954 Itharrani
1117 3901 1182 3954 novi
1201 3905 1220 3956 t.
1242 3903 1284 3958 VI
1305 3909 1339 3965 lo.
1357 3905 1420 3956 lsrs'.
1471 3959 1472 3970 γ

283 4007 309 4060 p.
330 3993 399 4060 sm]

350 4084 390 4150 **)
409 4083 451 4135 ad
469 4085 585 4138 earrdom
600 4087 833 4155 expugnationem
846 4086 981 4140 (trallieam
994 4104 1056 4141 oum
1073 4087 1265 4157 probabiliter
1284 4093 1347 4160 post
1360 4087 1420 4143 alia

283 4175 525 4230 Drakenborahias
551 4177 580 4231 in
603 4179 659 4232 Liv.
683 4179 715 4246 V,
733 4186 766 4233 48
790 4182 818 4234 et
839 4180 995 4234 Roockhius
1018 4181 1131 4242 (tuaest.
1150 4183 1307 4254 metralog.
1335 4205 1361 4255 p.
1380 4189 1421 4236 sss

282 4267 440 4322 rettulerint
463 4271 580 4324 alienun
599 4273 787 4339 fragmentum
810 4271 963 4340 qrroddam‚
986 4272 1061 4340 quod
1084 4272 1208 4326 aNonio
1228 4294 1258 4344 p.
1282 4283 1333 4330 ‘228
1351 4277 1413 4328 aller
1470 4267 1471 4307 i

282 4361 328 4412 tur
346 4377 361 4412 e
379 4360 451 4412 libro
471 4362 494 4426 Ι,
513 4363 614 4416 rectius
632 4364 684 4418 hoo
702 4364 792 4420 eidem
811 4364 921 4418 videtur
938 4365 1009 4419 libro
1028 4365 1056 4418 u
1071 4365 1164 4420 tribui.
