2996 5148
447 413 494 460 nu
518 413 689 460 caucasis
714 413 794 459 som
819 411 964 459 aonam.
1211 387 1273 451 393

127 574 217 634 ximo
241 591 327 632 auno
349 567 500 632 aedificiis
524 555 741 630 uastationem
764 563 899 647 XXVII,
926 565 980 628 11:
1007 569 1184 627 locauerunt
1206 564 1275 621 uide
1308 613 1322 634 ,

128 685 299 757 reficienda
321 700 398 758 queue
418 685 505 742 circu
535 681 641 754 sorum
663 682 804 740 luecudla
826 685 1005 755 cousumpta
1030 683 1135 748 erum,
1163 681 1274 748 scplem

130 797 290 867 tabernas,
314 796 486 867 macellum,
510 795 622 852 utrium
644 793 770 866 replum.
805 785 890 850 Salis
920 785 1079 848 concinna
1101 786 1149 846 est
1171 779 1274 844 laber-

131 923 251 966 uarmn
265 899 399 984 atriique
419 899 455 963 in
470 903 604 982 utroque
619 896 802 961 testimonio
818 900 930 960 mutua
944 894 1075 959 relatio:
1098 892 1148 956 eui
1169 893 1275 954 ciuilem

130 1013 204 1076 loco
228 1009 376 1074 incendio
398 1010 566 1093 absumpto
587 1009 779 1092 respondere
806 1014 963 1072 macellum
993 1001 1158 1068 dicamus?
1202 1001 1275 1064 Per·

131 1122 216 1186 mira
241 1121 362 1184 Dukeri
388 1141 478 1188 mens
506 1120 585 1202 fuit,
609 1141 672 1199 pro
698 1125 883 1197 armentariis
908 1121 1067 1180 macellum
1097 1119 1160 1177 clici
1180 1112 1276 1175 adna-

132 1231 250 1296 tant-is.
279 1229 353 1294 Non
361 1229 487 1294 videtur
499 1229 639 1293 dubitari
661 1251 764 1313 posse,
788 1229 865 1312 quin
881 1229 967 1291 recte
983 1224 1143 1288 Beckerus
1165 1245 1197 1306 p.
1214 1221 1277 1286 503

131 1341 330 1425 significarit
357 1362 415 1422 pro
442 1341 512 1404 faro
533 1340 706 1423 piscaauio
734 1340 768 1403 in
790 1338 922 1422 ipsoque
944 1337 1011 1400 eius
1038 1335 1107 1397 leco
1130 1335 1277 1417 paralum

131 1450 306 1516 macellum
335 1471 413 1514 esse.
457 1450 582 1534 Inque
609 1451 635 1513 si
662 1449 742 1514 lanii
764 1448 985 1530 venditabant,
1014 1445 1113 1509 habes
1135 1443 1279 1527 profecte

130 1565 170 1627 in
199 1561 270 1624 foro
300 1560 456 1624 lanienas.
501 1559 545 1624 Et
567 1559 711 1644 apprime
737 1559 814 1624 illuc
837 1558 996 1640 convenil,
1024 1555 1107 1639 quod
1130 1554 1164 1618 in
1186 1553 1279 1615 Plau-

131 1671 216 1736 tinis
239 1669 355 1734 fabulis
377 1671 480 1754 pisces
503 1671 544 1733 ab
559 1672 762 1754 opsonaturis
777 1692 811 1734 re
827 1691 901 1734 vera
916 1671 1064 1734 emuntur
1085 1664 1119 1727 in
1135 1663 1277 1746 macella,

130 1781 227 1848 velut
251 1780 434 1844 Aululariae
456 1779 499 1864 Il,
523 1781 554 1862 8,
578 1781 613 1844 3:

336 1945 431 2005 Venio
454 1947 492 2005 ad
514 1949 680 2020 macellum,
703 1949 802 2026 ragilo
825 1948 925 2023 piscis.
947 1949 1082 2010 indicant

336 2032 440 2091 Oaros:
464 2033 604 2108 agninam
628 2053 734 2106 caram,
758 2053 856 2091 caram
878 2033 1036 2094 bubulam:

335 2116 513 2192 vitulinam,
537 2121 645 2191 celum,
667 2119 831 2193 porcinam,
855 2138 923 2177 cara
945 2121 1054 2179 omnia.

127 2277 221 2341 Item
246 2272 395 2337 Pseuduli
417 2271 444 2355 l,
467 2274 498 2356 2,
521 2273 562 2337 36
587 2271 692 2360 [169];

226 2423 296 2500 Ego
313 2441 347 2480 eo
364 2426 395 2480 ln
410 2423 576 2496 macellum,
600 2427 634 2481 ut
648 2425 776 2500 piscium
794 2426 938 2502 quicquid
957 2429 999 2486 ibi
1022 2431 1068 2487 est
1085 2431 1182 2504 prelia
1200 2395 1283 2505 piae·

750 2510 874 2570 stiuam:

126 2645 171 2707 in
200 2649 309 2720 serum
338 2641 445 2701 autem
472 2661 505 2702 se
534 2639 653 2703 iturum
678 2640 803 2704 dixerat
825 2640 929 2706 Ballio
950 2666 979 2708 v.
1003 2645 1054 2708 31.
1077 2683 1120 2694 —-
1141 2645 1210 2710 Nee
1232 2645 1285 2708 ab·

125 2755 216 2832 stul,
243 2749 329 2834 qnod
351 2754 507 2812 basilicam
518 2761 589 2829 pasl
603 2759 799 2828 crucrilurlus
814 2773 908 2818 nouus
922 2767 951 2819 el
961 2759 1067 2831 sarum
1087 2763 1285 2835 piscatorium

123 2865 342 2928 circumdatis
369 2863 503 2924 tabernis
529 2858 638 2923 Livius
660 2861 733 2944 XL,
763 2863 802 2928 51
827 2864 927 2927 tradit
954 2864 997 2928 M.
1021 2865 1167 2928 Fulvium
1189 2864 1286 2928 Nobi-

122 2974 266 3050 liorem,
291 2969 335 3032 M.
354 2967 484 3032 Aemilii
497 2969 609 3053 Lepidi
631 2971 666 3034 in
682 2993 817 3036 censura
833 2973 999 3058 collegam,
1023 2973 1144 3040 locasse
1166 2997 1193 3037 a.
1208 2973 1285 3038 575:

123 3079 340 3167 cogitandus
356 3081 405 3142 esc
420 3078 504 3142 enim
516 3077 577 3142 hac
593 3080 719 3146 demum
741 3105 838 3167 epma
859 3084 892 3148 in
915 3085 1084 3167 pristinam
1107 3084 1167 3148 fori
1184 3084 1287 3168 ‹ligni-

120 3195 244 3258 uatem
272 3188 346 3270 illc,
376 3189 412 3251 in
439 3210 500 3271 quo
527 3189 656 3252 interim
682 3193 852 3258 macellum
879 3197 1003 3258 lanium
1033 3199 1180 3278 paralum
1209 3197 1287 3276 erat,

120 3305 229 3368 loeus
255 3298 401 3363 rediisse.
429 3297 497 3362 Nec
520 3299 606 3362 enim
629 3301 666 3364 de
690 3324 771 3367 novo
793 3304 900 3388 aliquo
921 3306 991 3368 foro
1013 3305 1185 3388 piscatorio
1203 3304 1288 3389 loqui

118 3414 251 3480 Livius
277 3407 366 3472 credi
397 3411 519 3491 potest:
548 3409 637 3475 cuius
665 3412 792 3494 quidem
821 3414 924 3478 verbis
954 3415 994 3479 ob
1023 3415 1126 3500 ipsam
1148 3416 1289 3480 locorum

115 3530 349 3599 vicinitatem
384 3527 608 3610 comprehendi
648 3523 812 3588 basilicam
845 3528 918 3609 pasl
954 3527 1156 3610 argentarias
1192 3549 1291 3591 navas

113 3651 159 3710 et
184 3643 309 3706 forum
325 3636 405 3700 illud
422 3636 565 3701 tabernis
583 3637 811 3701 circumdatum
827 3638 990 3719 appareat.
1020 3635 1107 3711 (luae
1128 3637 1290 3718 tabernae,

110 3775 215 3842 quas
243 3747 400 3812 Fulvium
432 3746 510 3810 dicit
532 3752 700 3810 uendidisse
731 3753 762 3810 la
781 3752 947 3829 priamum,
973 3747 1085 3830 quidni
1108 3748 1290 3831 potuerunt,

110 3889 162 3932 ex
200 3861 310 3946 parte
346 3858 449 3939 cerae,
483 3857 631 3920 lanienae
665 3857 757 3920 esse?
800 3855 868 3919 Has
901 3856 1001 3940 igilur
1022 3861 1167 3940 spectare
1190 3855 1292 3919 Varro

108 3971 258 4062 potuit,
288 3966 380 4031 cuius
402 3966 463 4030 huc
479 3989 495 4032 e
513 3969 622 4030 satura
635 3967 852 4050 fragmentum
863 3967 1006 4050 pertinet
1027 3965 1164 4030 aNonio
1186 3987 1217 4048 p.
1233 3965 1294 4028 104

106 4085 312 4152 servatum
341 4077 387 4160 [p.
410 4076 471 4140 207
495 4077 579 4160 apud
601 4076 772 4162 Riesiuml:
790 4091 957 4158 paruulum
973 4084 1056 4154 sella,
1081 4096 1167 4154 quom
1182 4080 1295 4138 uiclcbls

105 4205 260 4264 Romae
296 4195 329 4251 lu
360 4190 436 4262 sero
468 4200 538 4250 aule
558 4194 696 4251 lculenus
723 4209 836 4268 pulcros
853 4194 922 4266 pila
943 4193 1091 4264 capulum
1113 4191 1229 4249 ludere.

223 4296 406 4366 Noluimus
422 4298 528 4360 autem
544 4297 578 4360 in
593 4296 654 4360 hac
671 4319 782 4360 caussa
797 4319 834 4361 eo
848 4303 974 4362 macello
996 4295 1054 4378 uli,
1079 4295 1163 4380 quad
1180 4296 1221 4359 ab
1237 4295 1294 4360 eis-

105 4419 205 4484 dem
225 4410 299 4476 illis
310 4405 499 4473 censoribus
511 4407 648 4470 Aemilio
664 4410 697 4472 el
708 4407 732 4471 F
733 4407 818 4472 ulvio
833 4409 1027 4472 exstructum
1040 4406 1144 4472 Varro
1159 4409 1295 4478 metaliis
