2996 5148
360 363 634 414 nusunsrrosus
656 363 890 414 nsacsrorns.
1140 349 1200 413 401

90 518 195 581 ltseitm
215 522 245 580 ia
268 523 331 582 alto
363 522 456 582 credo
481 523 633 598 praebent
648 525 807 599 petalum.
852 516 1086 582 Menaechmon
1108 541 1138 582 v.
1163 519 1205 582 90

90 633 146 691 hum
164 639 193 691 tu
213 628 261 692 itt·
280 632 361 706 quoe
381 633 444 692 edit
466 639 495 692 e!
517 635 600 708 qaod
616 639 700 710 potet
718 635 869 710 praebeas
896 632 959 693 Sao
981 630 1135 692 arbitrato
1157 651 1204 694 us·

28 760 32 775 ·
88 758 130 815 oue
147 741 269 814 adfatim
292 743 425 802 cottidie.
470 737 553 802 Rud.
577 738 625 822 II,
650 739 680 824 6,
703 739 745 804 46
767 745 820 804 Ita
841 742 953 803 salsam
972 723 1133 818 praehibet
1149 761 1205 819 po·

89 851 385 926 tionemetsrr‘pidem.
416 848 533 912 Persae
547 848 611 913 429
634 851 748 914 Eode'm
770 856 846 914 milri
859 855 962 930 pretio
984 856 1031 913 sel
1045 855 1206 930 praetite-

86 963 281 1037 torquenti.
330 958 414 1023 Item
440 957 674 1024 Menaechmon
697 961 758 1025 801
793 963 938 1038 ancillis,
968 981 1081 1039 penam
1114 962 1209 1024 Be'cle

83 1073 226 1146 praehibet.
250 1107 293 1119 —-
317 1068 463 1134 Ceterum
484 1075 668 1150 praehr'tere
688 1070 793 1134 forma
815 1075 1003 1135 constanter
1024 1093 1116 1136 usum
1139 1091 1207 1134 esse

86 1177 208 1243 Plautum
229 1179 330 1244 multa
351 1179 478 1245 faciunt
499 1184 536 1245 ut
558 1179 739 1246 credamus:
777 1181 905 1266 quando
932 1186 964 1246 ct
986 1187 1129 1246 detihere
1151 1180 1207 1244 ali·

85 1289 205 1372 quotiens
221 1294 381 1355 servatum
397 1294 446 1356 est
466 1313 525 1375 pro
548 1297 664 1376 debere,
689 1294 721 1356 et
735 1291 840 1376 ipsum
858 1298 1041 1373 praehibere
1055 1313 1121 1356 non
1136 1313 1209 1358 raro

84 1399 110 1462 in
127 1399 257 1486 :algoris
283 1400 406 1466 somnae
434 1403 539 1466 locum
562 1402 634 1466 libri
658 1402 804 1466 meliores
827 1403 1043 1487 substituunt,
1076 1403 1109 1466 et
1136 1423 1207 1486 pro·

85 1507 236 1576 doctiorem
271 1512 408 1576 sormam
441 1535 458 1576 e
490 1517 540 1578 tot
573 1513 726 1598 exemplis
763 1513 887 1578 nullum
920 1515 1044 1598 respuit
1078 1517 1208 1597 praeter

85 1641 163 1684 :inum
182 1622 276 1707 idque
300 1623 406 1707 specie
427 1623 557 1688 fallens.
595 1623 679 1688 Nam
703 1645 781 1688 sane
803 1623 937 1688 Poenuli
960 1623 1001 1707 V,
1026 1625 1056 1708 2,
1081 1624 1122 1690 93
1144 1645 1209 1688 me-

82 1733 150 1795 trr‘n
173 1754 236 1798 non
259 1733 325 1797 sert
346 1733 466 1818 dactyli
495 1755 566 1798 cum
589 1739 764 1818 anapaesto
788 1735 1056 1800 consociationem

211 1892 294 1968 Ergo
318 1891 368 1986 hic
390 1893 470 1968 apud
493 1913 540 1951 me
562 1893 729 1968 hospitium
751 1893 809 1951 tibi
832 1893 1068 1968 praehibtbitur.

82 2032 181 2101 h‘erom
202 2039 247 2104 ibi
273 2061 344 2103 cunr
367 2045 422 2104 troi
445 2021 622 2125 pronomen
646 2041 687 2104 ab
710 2041 925 2104 Ambrosiano
950 2041 1057 2106 codiee
1079 2061 1209 2124 prorsus

80 2145 169 2229 absit,
190 2149 320 2232 quando
348 2151 608 2234 transpositionis
635 2149 756 2215 indicio
779 2173 873 2236 saepe
897 2155 946 2216 est
967 2149 1097 2216 omissio
1119 2147 1211 2215 voca·

80 2253 225 2339 bulioen
250 2259 396 2342 profecto
418 2261 607 2326 audaculum
629 2261 738 2344 fuerit,
762 2262 953 2345 praesertim
974 2263 1009 2326 in
1031 2265 1099 2325 tam
1122 2260 1208 2324 malo

79 2363 172 2430 habita
193 2390 331 2452 scaena,
355 2369 473 2434 detali
496 2393 589 2435 versu
611 2370 783 2454 suspicari:

210 2527 297 2604 Erga
320 2529 377 2586 tibi
402 2529 483 2604 apud
507 2549 554 2588 me
576 2529 624 2589 hie
646 2528 811 2605 hospitium
834 2529 1070 2605 praehibtbitur.

77 2671 218 2754 [Accessit
246 2678 285 2741 in
317 2675 410 2740 huius
439 2659 610 2742 voluminis
640 2676 725 2741 Diss.
749 2677 779 2741 X
802 2701 839 2762 p.
865 2680 895 2744 V
922 2677 1002 2742 haec
1033 2679 1213 2743 adnotatio:

76 2783 180 2849 ‘Omisi
208 2787 402 2851 Mercatoris
430 2809 558 2852 versum
578 2787 620 2871 V,
643 2789 682 2871 4,
706 2787 747 2852 63
778 2773 883 2875 [10'22]
915 2788 961 2852 sic
988 2789 1149 2872 proditum
1177 2788 1212 2850 in

73 2890 162 2960 libris:
185 2903 222 2961 Si
236 2903 305 2976 quis
315 2903 508 2990 prohibuerit
525 2905 597 2977 plns
614 2902 726 2978 perdet
746 2903 868 2963 etamsi
883 2903 1076 2978 prohibuerit
1093 2903 1210 2978 palam.

74 2999 104 3065 h]
124 3027 182 3090 qua
203 3007 369 3090 scriptura
396 3029 468 3072 oum
490 3007 543 3071 vix
566 3006 651 3072 aliud
675 3007 738 3072 nisi
760 3007 820 3072 hoe
842 3007 944 3072 lateat
965 3006 1100 3071 sublatis
1122 3027 1211 3070 men·

78 3111 117 3176 dis
137 3117 340 3182 manifestis:

209 3241 244 3300 Si
274 3241 481 3317 prohibuerit,
513 3243 589 3302 clim
620 3244 689 3319 plus
720 3245 826 3318 perdet
849 3244 939 3317 qutm
962 3242 987 3301 si
1009 3228 1214 3316 praehibuerit

670 3329 788 3404 palam,

70 3453 167 3521 relicta
190 3463 372 3524 esttamen
393 3457 668 3542 proceleusmatici
691 3459 836 3542 pravitas
860 3479 918 3542 pro
934 3457 1085 3522 trochaeo
1107 3456 1213 3542 positi.

71 3561 168 3651 ltaque
198 3569 265 3632 nisi
297 3567 491 3632 substituere
521 3575 700 3648 praetuerit
726 3569 829 3633 voles:
867 3567 993 3652 quando
1028 3567 1131 3631 exitus
1160 3565 1214 3630 ille

69 3675 183 3744 fabulae
214 3678 307 3743 haud
335 3679 401 3742 scio
429 3700 472 3742 an
501 3683 575 3762 post
596 3677 746 3743 Plautum
775 3679 901 3743 demum
924 3677 1112 3758 accesse1it:
1150 3697 1215 3739 una

69 3783 143 3852 salus
163 3793 214 3854 est
235 3790 274 3853 in
301 3792 505 3868 praehibessit
530 3787 650 3872 forma,
689 3787 730 3852 ad
766 3789 855 3852 cuins
888 3791 999 3852 tamen
1033 3784 1213 3868 exemplum

70 3897 154 3964 etiam
175 3900 315 3964 initium
337 3919 446 3962 versus
475 3891 741 3963 conformandum
760 3899 859 3963 fuerit
880 3903 916 3963 Si
933 3900 1127 3979 prohiberet.
1172 3891 1216 3955 Et

69 4001 96 4068 in
116 4007 220 4094 legem
249 4008 402 4094 quidem,
437 4008 540 4092 qualis
567 4008 635 4072 illic
661 4009 763 4074 fertur
769 4059 778 4092 ‚
813 4007 875 4072 hoc
902 4003 1084 4073 declinandi
1113 4021 1215 4086 genus

68 4112 226 4184 scandum
253 4121 309 4184 est
330 4116 480 4202 inprimis
504 4119 698 4183 conveniens
723 4117 833 4206 esse']

144 4255 268 4331 Quodsi
294 4253 350 4318 vix
373 4253 452 4317 satis
467 4252 612 4338 dignam,
636 4275 717 4338 quae
740 4251 954 4336 superioribus
977 4248 1125 4330 societur,
1149 4247 1216 4308 tam

70 4364 231 4450 proclivem
269 4364 493 4429 coniecturam
527 4362 659 4446 dixeris,
697 4385 738 4426 en
772 4361 868 4425 aliam
901 4359 1018 4422 habeto
1051 4377 1146 4441 quam
1181 4355 1215 4424 in

113 4501 153 4536 FB·
172 4501 351 4538 arrectum
370 4499 514 4534 OPVSCVLA
533 4500 564 4534 11.
981 4461 1022 4526 26
