3002 5150
421 359 598 410 rsosonrn
619 362 690 411 vos
713 357 913 410 serratas.
1179 351 1243 418 663

100 515 233 579 alterum
262 511 306 603 [p.
329 515 430 600 2412,
454 536 483 581 v.
510 515 602 605 1352]
632 538 670 581 ex
696 516 855 583 Prisciani
877 517 923 584 Vl
946 542 977 603 p.
1001 519 1064 585 695
1085 519 1122 585 Ρ.
1152 521 1240 606 [228,

103 623 219 712 1211]
404 618 407 638 ·

248 760 393 836 Sescuplo
416 762 464 820 vel
486 764 547 820 irus
569 761 669 820 vincet
690 761 813 821 irlterius
836 763 1001 839 singulum.

99 889 218 965 Quibus
250 892 475 957 auctoritatem
505 891 603 976 longe
635 891 860 978 gravissimam
897 893 1083 960 Terentii
1117 895 1239 960 addidit

100 999 228 1066 Carolus
249 1001 450 1087 Reisigius*)
472 1002 617 1066 Andriae
638 1001 696 1086 IV,
722 1003 751 1086 l,
774 1003 810 1068 4:

246 1137 298 1202 'Vt
320 1144 406 1202 malis
427 1144 576 1220 gaudeant
598 1145 689 1220 irtque
711 1164 746 1202 eu
768 1144 964 1206 inedmmodis

246 1221 390 1288 'Alterius
412 1247 465 1288 sua
486 1232 521 1288 ut
542 1229 715 1306 comparent
737 1229 900 1289 commoda.

101 1357 215 1434 Quodsi
243 1359 298 1445 qui
326 1363 419 1441 sunt,
447 1359 502 1444 qui
529 1359 696 1424 veritatem
723 1337 866 1426 nondum
892 1363 1130 1447 persentiscunt
1150 1365 1237 1430 illius

98 1471 268 1554 praecepti,
292 1470 346 1534 isti
368 1491 435 1534 non
456 1470 550 1536 modo
573 1470 722 1535 adierunt
750 1471 805 1535 sed
833 1493 874 1536 ne
903 1473 1088 1555 aspiraruut
1110 1475 1238 1560 quidem

97 1581 134 1644 ad
155 1581 284 1667 singola
307 1581 555 1667 argumentandi
578 1584 759 1664 momenta,
788 1602 871 1646 nexa
897 1582 984 1646 inter
1005 1605 1074 1648 sese
1097 1588 1130 1649 et
1152 1586 1238 1650 colli-

97 1695 170 1775 gata
192 1692 360 1778 aptissime
382 1715 420 1758 ae
434 1693 531 1777 plane
554 1692 768 1757 consectaria.
813 1690 934 1756 Verum
956 1692 983 1757 si
1006 1695 1077 1778 quis
1091 1695 1238 1781 exempla

98 1806 260 1888 expromat
281 1803 424 1889 syllabae
445 1803 663 1888 paenultimae
685 1824 751 1866 non
773 1802 935 1887 epicorum
949 1807 1117 1888 poetarum
1139 1805 1238 1872 lieen-

96 1913 139 1976 tia
164 1917 330 2000 correptae
337 1965 346 1998 ,
380 1915 436 1978 sed
462 1914 498 1978 in
526 1935 563 1978 eo
596 1934 714 1998 genere
741 1916 916 1978 metrorum
943 1919 1085 2000 reperta,
1121 1918 1236 2002 quibus

1 2103 2 2107 Ἰ
97 2033 203 2109 suapte
228 2028 346 2090 natura
369 2025 502 2109 antiqua
525 2027 559 2088 et
579 2023 767 2109 incorrupta
789 2025 1020 2110 pronuntiandi
1043 2028 1238 2093 consuetudo

99 2138 318 2218 conservatur,
349 2135 424 2220 quid
453 2135 701 2218 respondeamus
728 2133 800 2198 illi?
834 2133 884 2198 Ex
912 2155 974 2220 quo
996 2157 1115 2221 genere
1137 2137 1239 2203 habeo
1297 2199 1299 2203 ,

97 2243 232 2308 Publii
243 2229 292 2332 ²il)
309 2245 396 2330 Syri
412 2244 563 2330 quosdam
579 2267 700 2328 versus,
723 2247 837 2329 poetae
852 2245 1060 2329 plurimorum
1074 2245 1240 2313 hominurn

96 2355 287 2422 testimoniis
316 2355 446 2442 egregie
475 2353 662 2438 collaudati,
692 2377 786 2439 quem
809 2354 844 2421 O.
866 2355 941 2420 Iulii
964 2356 1110 2422 Caesaris
1136 2361 1240 2424 aetate

96 2467 218 2552 ingenti
240 2467 460 2532 Romanorum
488 2465 646 2550 applausu
672 2465 787 2530 mimos
816 2466 1029 2551 composuisse
1056 2469 1089 2532 et
1111 2471 1239 2533 senten·

96 2576 208 2641 tiarum
231 2577 299 2641 sale
320 2577 462 2640 suaviter
484 2575 629 2641 conditos
656 2578 689 2641 et
711 2575 866 2640 orationis
888 2576 1043 2642 facultate
1065 2577 1238 2664 insigniter

97 2688 277 2772 expeditos,
305 2689 433 2771 praeter
461 2685 540 2750 alios
568 2685 702 2750 tradidit
723 2685 904 2750 Macrobius
928 2685 1181 2752 Saturnaliorum
1203 2687 1236 2751 ll
1255 2701 1286 2750 16

97 2818 120 2860 c.
142 2799 171 2862 7.
195 2798 280 2864 Sunt
302 2800 408 2861 autem
431 2795 576 2882 exempla
598 2797 754 2880 quinque:

244 2939 378 2998 Alterius
401 2939 543 2998 damnum
565 2937 709 3016 gaudium
731 2938 812 2997 haud
834 2939 924 2997 iacias
948 2941 1049 2996 tuum:

244 3024 296 3083 Bis
319 3023 411 3082 emori
434 3026 479 3082 est
501 3023 626 3082 alterius
649 3023 774 3081 arbitrid
797 3023 887 3082 mori:

243 3109 289 3168 Ex
310 3107 386 3167 vitio
409 3109 530 3166 alterius
553 3108 672 3182 sapiens
695 3108 834 3166 emendirt
856 3127 957 3166 suurn:

244 3193 375 3253 Lucrr'rm
397 3192 460 3252 sinc
484 3194 592 3252 damno
615 3193 740 3252 alterius
763 3191 827 3251 fieri
848 3192 909 3250 ntn
931 3195 1045 3266 potest:

243 3277 338 3348 Quam
360 3279 456 3338 malus
479 3281 539 3351 est,
564 3280 683 3354 culpam
706 3282 759 3354 qui
781 3297 865 3337 suam
888 3276 1010 3336 alterius
1034 3277 1120 3336 lacit:

96 3430 171 3492 quae
193 3408 292 3474 facilc
313 3411 465 3493 poterunt
486 3409 635 3493 reperiri,
665 3431 737 3474 cum
759 3407 831 3493 Syri
853 3406 1032 3472 sententiae
1059 3409 1234 3474 seeundum

95 3517 272 3584 litterarum
293 3519 439 3584 ordinem
461 3540 531 3584 sese
553 3519 678 3584 soleant
692 3519 838 3601 excipere
853 3517 889 3581 in
903 3517 1138 3601 exemplaribus
1161 3542 1233 3584 eum

96 3629 340 3714 manuscriptis
362 3633 432 3694 turn
453 3629 540 3715 typis
562 3629 714 3714 proditis3
737 3627 823 3713 apud
840 3626 1004 3710 Bcthium‚
1027 3628 1082 3713 qui
1104 3627 1175 3693 illae
1198 3630 1233 3694 iu

95 3737 263 3806 Poetarum
284 3739 369 3804 Latii
391 3762 478 3805 scen.
502 3739 610 3804 volV
631 3739 753 3824 part2
775 3761 806 3822 p.
823 3723 885 3803 217
909 3761 977 3824 sqq.
1001 3739 1133 3824 recepit,
1157 3741 1233 3803 sunt

95 3869 122 3913 v.
146 3850 193 3915 19.
218 3851 272 3916 88.
295 3851 369 3916 238.
392 3849 465 3916 415.
489 3851 553 3916 695
581 3848 680 3938 [nnnc
707 3848 743 3914 in
764 3846 935 3914 Ribbeekii
957 3849 1156 3914 Oomicorum
1184 3871 1231 3915 re·

98 3958 199 4044 aqna
220 3961 295 4026 547.
319 3961 370 4026 ec.
397 3961 468 4026 152.
492 3961 565 4026 625.
589 3959 674 4048 704]-

98 4115 294 4128 ——-·-'

158 4217 181 4282 ⁸)
201 4214 285 4285 [Vide
304 4213 362 4268 cius
380 4215 494 4269 Scholas
511 4213 709 4283 grammaticas
727 4231 744 4268 a
761 4215 791 4268 F.
810 4213 912 4268 Haasio
930 4211 1019 4267 editas
1036 4232 1063 4283 p.
1085 4215 1154 4285 liis]

157 4313 194 4376 u)
214 4307 312 4380 [immo
335 4309 462 4367 Publilii:
492 4308 526 4362 de
549 4325 604 4375 quo
631 4309 697 4377 post
717 4307 747 4362 E.
766 4307 919 4362 Woelfflini
946 4304 1094 4377 (Philologi
1116 4310 1136 4363 t.
1153 4308 1230 4364 XXII

96 4413 121 4468 p.
137 4404 185 4456 iai
202 4404 256 4471 sq.)
274 4401 492 4474 disputationem
510 4400 566 4457 iam
584 4417 640 4456 non
658 4417 718 4458 esse
736 4399 1069 4498 dubitandumtridctur]
