2980 5148
297 333 360 398 258
636 348 859 398 cnosssmvn
880 349 1095 396 rnsvrmvu.

298 523 370 564 cum
386 507 542 582 pulmento
564 500 766 584 unctinscnlo)
793 500 892 564 habes
915 501 1033 564 ibidem
1054 500 1086 582 Ι,
1110 499 1148 582 2,
1172 499 1215 564 84
1242 499 1340 586 (220),
1363 499 1403 563 ubi

296 617 503 676 nitidissimum
524 610 733 675 substitutum
755 614 805 674 est
826 611 861 674 in
882 610 1050 674 Palatinis.

380 720 422 784 69
445 727 695 786 altrinsecus:
718 720 762 784 ib.
785 719 845 802 ΙΙΙ,
868 720 899 802 2,
924 721 964 784 73
988 719 1096 806 (862);
1119 720 1191 783 vide
1215 719 1255 783 ad
1277 723 1296 799 ξ
1315 721 1358 784 al.

381 831 422 895 70
444 841 692 896 controversus
729 829 868 893 dubitari
896 830 1008 913 nequit
1035 829 1114 913 quin
1141 851 1257 894 evera
1279 830 1408 913 scriptum

295 952 501 1019 transversus,
525 963 620 1024 quam
643 940 721 1004 satis
743 940 850 1002 firmat
871 937 1026 1002 Varronis
1047 939 1283 1021 testimonium,
1312 942 1340 1003 et
1357 939 1409 1001 eius

295 1050 582 1134 interpretamento
609 1071 650 1113 ca
684 1061 871 1128 transverso,
901 1048 984 1133 quod
1006 1048 1147 1112 Palatini
1175 1050 1327 1133 produnt,
1353 1069 1410 1112 con·

295 1159 407 1224 flatum
429 1160 473 1223 sit
493 1159 644 1223 Pseuduli
666 1181 759 1223 versu
781 1157 837 1240 IV,
856 1161 884 1242 1,
901 1160 944 1224 45
966 1157 1058 1243 (955)
1082 1161 1151 1223 No'n
1168 1181 1308 1239 prorsas,
1329 1160 1411 1222 verim

295 1282 489 1335 transversus
507 1252 605 1347 sidit,
630 1276 719 1348 quasi
738 1273 851 1334 eonce'r
872 1275 963 1333 solat:
999 1289 1080 1352 quae
1102 1269 1254 1333 adverbia
1282 1291 1350 1334 eave
1368 1289 1413 1352 pro

295 1379 502 1444 nominativis
524 1379 653 1442 habene.
691 1378 840 1443 Pluribus
862 1377 901 1442 de
922 1400 959 1442 eo
982 1400 1074 1442 versu
1096 1379 1218 1443 dietum
1241 1380 1276 1443 in
1297 1379 1412 1444 editione

295 1490 362 1553 eius
384 1489 523 1552 fabulae.
568 1488 640 1552 Nisi
668 1489 795 1572 quidem
818 1487 973 1552 Varronis
1001 1488 1106 1552 verbis
1134 1488 1170 1552 in
1198 1489 1284 1554 hanc
1310 1493 1413 1573 partem

295 1603 399 1676 utero,
426 1602 464 1662 ut
485 1598 635 1663 Plautum
664 1599 829 1682 scripsisse
869 1575 903 1662 77
930 1609 1139 1690 transvorsos,
1175 1603 1235 1664 ndn
1259 1621 1413 1680 procursus,

294 1712 385 1786 redit,
410 1715 499 1788 qnasi
511 1712 625 1773 cancc'r
646 1715 721 1772 solet
742 1707 947 1772 ratiociuere:
970 1729 1021 1771 me
1036 1708 1166 1791 quidem
1179 1731 1247 1774 non
1269 1709 1413 1794 probante.

380 1820 418 1882 71
441 1824 582 1883 simitu:
620 1817 735 1882 Pseud.
758 1815 816 1898 IV,
839 1817 877 1900 2,
901 1819 943 1881 55
971 1817 1083 1902 (1012)
1113 1824 1153 1883 Et
1179 1840 1247 1884 cnm
1275 1819 1311 1884 ἑο
1335 1825 1417 1884 siniln

294 1931 445 1993 nutrcem
468 1931 546 1992 milli
563 1935 647 1994 volo:
668 1928 722 1992 ubi
739 1927 823 1991 solus
838 1926 939 1991 Vetus
953 1933 1034 1990 simil
1055 1929 1204 2009 servavit,
1229 1929 1326 1994 ceteri
1345 1933 1418 1992 sirnrd

294 2038 540 2102 substituerunt.
584 2038 666 2102 Item
688 2037 775 2102 infra
791 2039 811 2118 ξ
826 2037 868 2101 95
891 2036 1026 2102 eStichi
1040 2037 1083 2118 ll,
1099 2038 1130 2120 2,
1153 2038 1195 2102 66
1218 2039 1311 2123 (394)
1332 2039 1418 2102 'Innio

294 2155 406 2213 cessisse
427 2147 493 2214 e'unr
514 2153 615 2213 simitu
630 2154 752 2212 aiebant
766 2153 828 2212 r'lle':
849 2168 906 2225 eqo
919 2148 979 2211 bric
993 2155 1088 2212 citus:
1110 2147 1165 2212 ubi
1187 2153 1316 2232 praeter
1335 2168 1417 2212 unum

294 2259 543 2322 Ambrosianum
565 2257 640 2322 libri
662 2278 772 2322 omnes
794 2264 889 2323 simul.
935 2257 1080 2320 Tertium
1103 2259 1284 2342 exemplum
1309 2279 1419 2340 excerp·

293 2371 362 2432 tum
384 2371 433 2434 est
456 2371 476 2450 ξ
495 2369 553 2432 106
576 2389 615 2431 ex
638 2367 884 2451 Amphitruonis
906 2366 948 2447 II,
970 2369 998 2448 1,
1022 2369 1064 2432 84
1085 2369 1176 2453 (631)
1200 2373 1271 2434 No'n
1293 2391 1347 2449 eqo
1365 2387 1419 2434 cren

293 2481 361 2544 vind
382 2485 483 2543 simitu
505 2481 586 2542 ebibi
605 2479 763 2556 importum
786 2489 877 2543 tuum.
922 2476 1078 2552 Quotiens
1105 2479 1191 2544 hanc
1212 2480 1365 2562 formam,
1390 2477 1421 2538 de

294 2589 382 2652 cuius
404 2608 554 2654 mensura
576 2585 749 2650 bacohiaca
771 2587 826 2651 diu
848 2590 897 2651 est
919 2609 958 2650 es
980 2610 1043 2672 quo
1066 2593 1193 2652 constat
1214 2585 1421 2674 Kampmanui

293 2697 518 2781 disputatione,
541 2697 616 2760 libri
637 2697 780 2761 Plautini
803 2697 1019 2778 servaverint,
1049 2699 1113 2762 dixi
1135 2699 1171 2762 in
1194 2697 1423 2784 prolegomenis

292 2829 324 2891 p.
349 2806 496 2889 Oxnss15
519 2807 632 2890 quibus
653 2807 731 2871 locis
754 2808 792 2871 de
814 2807 1013 2906 restituendp
1035 2808 1155 2872 rariore
1182 2817 1305 2876 similar
1334 2809 1425 2872 sonna

292 2939 358 2982 non
380 2919 489 3002 inepte
512 2917 678 3001 cogitetur,
702 2917 882 3002 significavi
898 2917 932 2982 in
948 2918 1165 3003 Anthclogiae
1187 2920 1245 2984 lat.
1271 2917 1425 2984 corollario

292 3027 500 3113 epigraphico
523 3027 655 3092 Bonnae
678 3026 763 3091 edito
785 3049 815 3090 a.
842 3027 923 3092 1853
944 3050 976 3110 p.
1001 3027 1079 3092 XII:
1107 3051 1169 3112 quo
1191 3029 1261 3114 ipse
1286 3030 1341 3095 ille
1362 3029 1427 3092 Ani-

292 3137 473 3221 phitruonis
495 3159 603 3202 versus
631 3138 786 3221 pertinet,
815 3137 951 3200 fortasse
980 3138 1076 3202 etiam
1099 3160 1116 3202 o
1139 3138 1252 3204 Sticho
1282 3139 1428 3224 prolatus,

292 3249 319 3310 si
342 3248 434 3311 modo
455 3247 500 3310 ibi
522 3255 641 3314 sinitur
663 3253 767 3312 orbant
792 3247 992 3330 praetuleris
1038 3247 1211 3312 Certiorem
1242 3249 1428 3314 emendatio

292 3377 367 3420 nem
388 3357 605 3420 Mostellariae
628 3358 733 3421 versui
754 3355 814 3440 ΠΙ,
837 3357 868 3440 2,
896 3358 955 3421 los
978 3357 1069 3442 (792)
1092 3359 1275 3444 adhibitam
1301 3366 1368 3439 Epo
1388 3355 1429 3420 loir

292 3487 356 3530 esse
381 3477 410 3530 et
436 3467 483 3530 illi
502 3469 618 3532 similar
638 3473 702 3532 bac
725 3470 812 3546 potus
837 3466 1043 3532 Fleckeiseno
1065 3469 1214 3554 probavi,
1244 3471 1284 3534 iu
1308 3469 1430 3534 vitiosas

288 3583 389 3657 potiri
407 3583 534 3640 instillet
552 3575 672 3642 formas
700 3577 814 3640 merita
844 3577 1014 3641 severitate
1036 3577 1314 3646 animadvertenti
1337 3579 1431 3644 Musei

292 3685 355 3750 Rh.
372 3689 396 3749 t.
420 3685 498 3749 XIV
520 3708 551 3769 p.
575 3686 648 3751 623.
692 3686 757 3750 Vbi
779 3687 863 3770 quod
884 3707 988 3771 nuper
1009 3688 1208 3772 propositum
1231 3689 1314 3772 vidi,
1338 3695 1431 3754 simile

291 3819 353 3862 nnn
374 3801 438 3860 bau
454 3803 552 3876 potui,
575 3797 610 3860 in
632 3800 782 3880 promptu
804 3817 872 3860 esse
894 3799 971 3880 puto
994 3819 1049 3861 cur
1070 3819 1135 3862 nou
1158 3799 1264 3881 possit
1287 3823 1357 3864 non
1379 3798 1433 3860 dis-

291 3909 420 3992 plicere.
443 3943 485 3955 —
508 3905 654 3971 Ceterum
669 3906 819 3970 Pseuduli
834 3905 893 3988 ΠΙ,
913 3907 978 3990 1,2
1001 3908 1091 3992 (767)
1114 3907 1198 3992 quod
1220 3917 1331 3975 simitu
1353 3927 1432 3990 cnon

291 4017 393 4101 posui,
416 4017 450 4080 id
471 4017 633 4080 neminem
654 4016 759 4100 fugiet
777 4016 922 4100 exemplo
943 4019 1070 4082 tantum
1092 4039 1142 4082 me
1163 4019 1307 4084 voluisse
1332 4039 1433 4084 eorum

292 4149 378 4210 esse,
402 4147 483 4210 quae
505 4127 592 4209 turpi
614 4127 901 4209 interpretamento
924 4128 1056 4192 cessisse
1077 4127 1327 4196 intellexissem.
1373 4127 1433 4192 Ali·

292 4239 412 4320 quanto
426 4235 499 4320 plus
513 4235 597 4316 fidei,
612 4235 676 4300 nisi
692 4235 796 4320 fallor,
814 4236 988 4320 repositum
1003 4237 1037 4300 in
1053 4237 1253 4302 Mostellaria
1269 4239 1335 4321 Ill,
1352 4240 1383 4321 2,
1398 4237 1434 4299 tl

293 4345 384 4431 (733)
404 4351 504 4410 similo
519 4345 631 4428 habet,
654 4346 681 4409 si
696 4345 789 4410 modo
804 4349 890 4410 recte
909 4346 1099 4412 bacchiacus
1113 4368 1221 4412 versus
1236 4347 1433 4415 describitur
