2996 5148
237 333 301 427 386
518 346 758 408 ovansnouas
781 345 1089 396 roeooarnnrcsn.

236 510 341 566 torum
375 501 565 566 coniecturis
597 505 727 566 vexatos
760 500 807 565 sic
838 521 903 565 non
925 498 1125 564 incommode
1148 499 1180 562 et
1206 497 1388 564 levioribus

236 612 346 676 naevis
369 615 403 676 et
424 613 571 697 graviore
592 611 841 697 interpolatione
866 610 1004 676 liberare
1025 609 1184 676 videmur:

287 768 320 818 45
363 761 441 821 Nam
462 767 543 822 nunc
564 764 706 822 lenonum
729 763 759 821 et
781 764 947 820 scortorum
968 760 1017 819 hie
1038 761 1107 836 plus
1130 763 1175 820 est
1200 759 1272 832 fere,

362 845 458 916 Quom
481 849 553 907 olim
574 849 782 920 muscarumst‚
806 864 898 922 quom
921 845 1033 904 calatin
1054 863 1202 904 maxume.

188 925 217 974 Π
360 931 439 991 Nam
460 935 485 992 si
507 953 656 1010 nusquam
679 932 750 991 alibi
772 934 852 1004 sunt,
876 931 986 989 circum
1009 930 1252 1007 argentarias

362 1015 453 1086 Quasi
477 1059 790 1077 ...........
813 1015 919 1075 sedent
942 1013 1075 1074 cottidie.

361 1101 406 1159 Ea
428 1104 552 1163 nimiast
574 1103 667 1161 ratio:
698 1101 811 1178 quippe
834 1101 885 1176 qui
912 1103 992 1159 certo
1015 1099 1086 1172 scie,

286 1191 321 1241 50
364 1185 467 1263 Triplo
490 1181 534 1246 ibi
556 1189 624 1264 plus
646 1190 812 1247 scortorum
835 1206 899 1246 esse
921 1186 980 1244 ism
1003 1203 1093 1260 quam
1115 1184 1296 1260 ponderum.

362 1269 442 1340 Quas
465 1273 586 1348 quidem
609 1291 700 1348 quam
720 1291 789 1330 nam
813 1271 850 1329 ad
872 1289 937 1328 rem
958 1269 1054 1327 dicam
1082 1269 1114 1327 in
1142 1270 1394 1346 argentariis

360 1355 482 1416 Referre
503 1357 616 1430 haberi,
637 1356 774 1437 nisipro
796 1355 919 1428 tabulis,
942 1355 1051 1428 nescio,

361 1441 422 1500 Vbi
445 1462 513 1501 aera
534 1441 758 1518 perscribantur
778 1436 961 1517 usurariaf)

237 1594 437 1602 ...fl—.-

300 1657 326 1728 *)
344 1655 377 1712 V.
396 1663 431 1713 45
447 1655 613 1711 inseruimus
630 1658 685 1714 laic.
705 1686 737 1696 ·-
754 1655 788 1710 V.
801 1659 834 1710 ts
852 1653 916 1710 libri
934 1653 1030 1724 scripti
1048 1653 1187 1708 collocant
1203 1656 1271 1722 post
1292 1659 1342 1708 47.
1362 1686 1398 1695 -

231 1747 264 1805 V.
284 1756 316 1806 tt
335 1751 408 1808 Num
426 1767 566 1820 nusquam
584 1752 653 1808 alibi
669 1753 696 1808 si
712 1757 780 1808 suat
798 1747 914 1814 codices,
931 1747 949 1800 i.
964 1764 987 1802 e.
1000 1745 1121 1801 Palatini
1139 1763 1201 1800 cum
1213 1745 1397 1802 Vrsiniano:

153 1883 158 1889 .
233 1861 298 1897 nam
316 1843 469 1898 deteriores
487 1859 543 1897 non
561 1859 695 1898 eruamus.
725 1873 757 1882 —
784 1839 887 1896 Versus
904 1845 937 1895 48
955 1839 982 1893 in
1002 1839 1107 1895 eisdem
1124 1840 1194 1894 haee
1211 1840 1310 1894 forma
1332 1845 1398 1896 est:

232 1937 328 1994 Scorti
344 1938 461 1994 lenones
482 1940 566 2006 quast
583 1939 683 1994 sedent
700 1937 801 1993 cotidie
819 1937 942 2002 (cottidie
959 1933 1066 2002 Vetus).
1102 1933 1218 1987 Prorsus
1235 1931 1401 2002 ineptiunt

233 2029 280 2096 qui
302 2046 320 2082 a
336 2029 452 2098 vulgata
473 2047 497 2083 v.
518 2035 551 2084 50
573 2029 710 2100 scriptura
732 2033 802 2086 Acri
822 2029 887 2097 ptos
905 2036 1067 2085 scortorum
1083 2025 1203 2096 proiecti
1220 2035 1331 2084 scorto
1354 2029 1401 2084 in-

232 2123 423 2191 terpretantur
442 2121 613 2176 adulterinos
630 2138 769 2190 nummos,
789 2125 879 2180 scorti
894 2122 1012 2180 lenones
1030 2121 1126 2174 autem
1147 2117 1279 2188 intellegi
1298 2137 1403 2190 poseo

232 2215 407 2284 argentarios
426 2215 564 2270 somniant
582 2215 643 2270 istis
660 2215 780 2269 nummis
800 2215 916 2268 utentes.
941 2211 1029 2268 Multo
1047 2211 1222 2284 probabilius
1242 2213 1405 2286 Osannus,

232 2323 312 2375 equo
324 2307 429 2378 pendet
440 2307 596 2364 Goellerus:
615 2311 724 2367 Scortis
736 2310 853 2366 lenones
869 2311 954 2377 attasi
969 2314 1088 2365 scatent.
1124 2304 1180 2361 Sed
1197 2307 1299 2361 tamen
1323 2311 1404 2364 sirn-

230 2400 341 2471 plicitas
358 2401 501 2472 cogitandi
518 2417 573 2456 non
592 2401 660 2456 illud
678 2403 710 2456 ut
727 2401 836 2456 dicatur
853 2399 986 2470 postulat,
1005 2398 1103 2455 scortis
1120 2399 1236 2454 attinere
1256 2399 1407 2470 lenones,

230 2511 325 2548 verum
343 2494 398 2549 hoe
414 2494 515 2564 potiare,
533 2495 647 2550 affluere
664 2495 757 2550 locum
773 2494 852 2547 illum
870 2495 900 2548 et
917 2493 1014 2549 scortis
1029 2494 1058 2548 et
1068 2492 1224 2560 lenonibus,
1245 2511 1347 2562 quem
1364 2501 1409 2553 od

230 2587 344 2642 modum
362 2595 458 2646 scorto
476 2596 503 2646 et
520 2590 637 2646 lenones
658 2587 702 2641 bis
722 2588 805 2642 antea
822 2586 951 2641 iunxerat
967 2589 1053 2656 poeta
1069 2603 1095 2640 v.
1114 2591 1148 2641 43
1166 2588 1196 2640 ot
1212 2592 1257 2642 ts.
1300 2588 1410 2646 Scali-

230 2697 328 2749 genun
346 2683 440 2735 autem
459 2683 488 2734 et
504 2680 635 2736 Bothium
653 2681 676 2734 si
694 2697 855 2748 sequamur,
874 2681 977 2738 Scorte
995 2689 1022 2738 et
1039 2681 1158 2738 lenones
1176 2673 1264 2750 quusi
1282 2687 1411 2744 sederit

230 2776 353 2844 quotidie
372 2773 536 2840 scribentes,
554 2791 655 2844 porum
672 2774 797 2844 prolecto
816 2778 900 2843 quasi
916 2773 1055 2844 particula
1072 2773 1140 2843 quid
1158 2773 1211 2828 sibi
1229 2774 1310 2829 velit
1333 2795 1410 2848 per-

229 2868 391 2938 spiciamus3
415 2883 499 2936 quarn
521 2867 544 2920 si
566 2867 639 2922 sorte
662 2867 697 2922 ad
721 2869 843 2938 quotidie
861 2866 1035 2934 rettulerint,
1062 2883 1098 2922 ne
1115 2867 1170 2922 hoo
1188 2865 1318 2936 quidem
1341 2889 1411 2928 uon

229 2977 332 3030 magno
351 2977 434 3030 opere
452 2960 587 3030 langueat
603 2977 671 3031 prae
694 2960 825 3031 simplicia
847 2963 970 3031 quotidie
988 2959 1063 3014 vocis
1080 2960 1166 3029 longa
1184 2961 1304 3016 maiore
1335 2984 1413 3036 gra.

229 3053 328 3108 vitate:
352 3057 383 3108 ut
400 3057 509 3110 taceam
527 3053 562 3108 de
580 3053 770 3118 collocationis
790 3053 948 3112 insolentia.
983 3053 1059 3122 Ergo
1078 3058 1169 3111 scorti
1186 3055 1323 3116 lenones
1350 3065 1414 3118 etsi

230 3165 245 3202 e
263 3156 359 3206 scorta
377 3156 404 3205 et
422 3151 539 3206 lenones
556 3163 607 3202 noa
620 3165 731 3216 quoquc
749 3151 842 3202 ortiun
859 3149 998 3218 putamus,
1016 3148 1111 3202 tamen
1123 3145 1196 3202 haec
1206 3147 1275 3218 ipsa
1290 3155 1416 3218 verba,

230 3241 281 3294 nisi
298 3240 428 3308 fallimur,
447 3241 483 3296 ab
502 3241 654 3310 interprete
672 3243 781 3296 tuntum
800 3240 941 3311 adscripta
958 3242 1023 3294 suut
1040 3243 1141 3299 sedent
1158 3239 1259 3310 verbo,
1278 3243 1319 3298 in
1337 3265 1415 3304 eon-

228 3334 386 3389 tinuitutem
405 3337 499 3389 autem
518 3351 612 3388 versus
629 3336 735 3390 temere
753 3333 888 3402 immissa,
912 3335 944 3388 ut
961 3332 1122 3403 saepissime
1141 3335 1267 3403 factum,
1296 3338 1337 3394 id
1361 3361 1417 3397 ex—

228 3424 371 3494 pulerunt,
390 3427 426 3480 ad
444 3428 519 3495 quod
535 3428 689 3498 pertineret
706 3433 796 3498 quast.
832 3427 929 3495 Velut,
952 3429 984 3482 ut
1006 3426 1120 3494 aliquod
1145 3429 1326 3498 exemplum
1356 3454 1417 3506 po.
1440 3470 1446 3484 .

229 3535 340 3572 namus:

466 3589 550 3654 Quasi
569 3592 690 3660 [muscae
707 3591 736 3644 in
753 3591 834 3658 lactc,
853 3587 991 3660 lapident
1009 3587 1138 3645 cottidie:

228 3705 272 3761 vel
291 3703 452 3775 cuicumque
470 3709 511 3762 rei
529 3715 684 3764 scortorum
707 3706 892 3776 irequcutiam
914 3725 1091 3777 comparasse
1114 3709 1234 3777 poetam
1255 3717 1420 3780 putabis,

228 3798 271 3854 Ad
290 3799 349 3854 sola
367 3799 441 3854 enim
459 3805 552 3857 seorta
568 3803 625 3856 iarn
644 3802 733 3857 oratio
756 3802 939 3868 convertitur,
957 3799 1089 3871 quoniam
1106 3801 1221 3856 illorum
1240 3807 1422 3873 primaria

226 3893 255 3948 in
273 3894 326 3948 hoc
344 3894 553 3963 generatione,
577 3896 714 3951 secundae
738 3898 847 3950 tantum
870 3897 964 3964 partes
981 3895 1120 3950 lenonum.
1144 3925 1179 3936 -
1201 3895 1238 3950 V.
1258 3906 1306 3954 δι)
1333 3907 1422 3965 Tri.

227 3987 294 4056 [pto]
315 3989 383 4057 ptos
405 4005 420 4041 o
439 3988 564 4044 codicum
582 3991 716 4044 memoria
741 3992 796 4046 liri
814 3991 882 4058 plue
903 3988 1046 4058 praeclare
1069 3987 1163 4043 offacit
1186 3989 1421 4054 Camerarius,

226 4079 285 4134 Nisi
304 4080 379 4148 quod
397 4099 452 4136 non
470 4082 539 4136 illud
556 4081 623 4137 dicit
640 4083 814 4149 Diniarehus,
832 4081 944 4136 omniuo
961 4081 1023 4150 plus
1035 4083 1192 4136 scortorum
1206 4101 1310 4154 quam
1327 4109 1422 4164 pon.

227 4173 415 4242 detumesce,
439 4176 488 4230 secl
507 4193 591 4245 quam
612 4176 767 4246 ponderum
789 4176 817 4230 iu
836 4175 1016 4246 argentariis=
1047 4178 1223 4245 quapropter
1242 4182 1292 4238 ibn·
1315 4187 1426 4242 addi.

228 4265 326 4320 dimus.
362 4267 476 4322 Frustra
493 4269 546 4323 luit
563 4269 671 4338 Lipsius
694 4270 759 4322 Ant.
779 4269 840 4324 lect.
860 4269 894 4336 V,
913 4277 929 4325 3
947 4273 1010 4327 ueri
1026 4271 1092 4338 plus
1110 4269 1247 4340 suadens,
1288 4281 1330 4334 et
1356 4299 1429 4351 per

228 4375 256 4412 se
275 4359 405 4427 absurde,
423 4368 452 4414 et
469 4364 500 4416 ut
517 4362 611 4432 priora
628 4362 689 4414 illo:
708 4379 743 4420 eo
762 4367 879 4421 nimiost
896 4367 980 4430 rotie,
998 4364 1099 4433 quippe
1118 4367 1168 4433 qui
1186 4407 1191 4418 .
1215 4409 1221 4419 .
1245 4409 1250 4420 .
1280 4413 1285 4422 .
1313 4389 1428 4443 pror·
