3002 5150
282 371 346 436 664
612 385 789 436 mosoma
811 386 883 436 vos
904 381 1105 436 narsaws.

367 541 462 608 Prius
485 543 593 606 autem
609 562 705 625 quam
720 563 793 606 cum
815 541 1044 627 disputationis
1060 565 1190 610 cursum
1210 546 1405 632 iristituemus,

283 653 338 739 qui
353 652 478 718 videtur
499 651 535 718 in
549 651 611 716 hoc
625 673 744 737 genere
765 653 925 718 tenendus
940 675 1020 739 esse,
1045 655 1209 720 videamus
1224 657 1264 722 de
1278 679 1314 722 eo
1333 679 1406 722 versu

283 785 377 849 quem
399 763 561 848 posuimus
583 763 768 828 secundum.
812 763 845 828 Is
867 764 954 829 enim
976 765 1018 829 ab
1039 764 1102 830 hac
1124 767 1310 851 quaestione
1329 769 1406 854 plane

283 877 333 939 est
353 875 585 960 seiungendum
607 896 684 940 nam
706 876 919 960 quotcumque
941 876 976 940 in
998 897 1035 941 eo
1056 881 1188 942 exstant
1202 879 1353 944 scribendi
1365 901 1407 965 ge·

282 1007 378 1069 nera,
413 1007 451 1050 ea
472 985 581 1050 omnia
603 1006 665 1071 quo
686 985 779 1050 modo
801 989 872 1052 orta
905 986 972 1052 sint
998 987 1155 1054 facillime
1176 990 1360 1076 perspicitur
1377 1012 1407 1055 er

282 1096 421 1182 pristina
441 1095 536 1161 huius
558 1117 668 1162 versus
690 1096 808 1182 specie,
831 1119 927 1182 quarn
948 1097 1034 1164 hanc
1054 1100 1155 1164 fuisse

435 1264 489 1326 Bis
511 1267 568 1324 est
589 1265 683 1324 mori
705 1264 829 1324 alterius
852 1265 977 1325 arbitrio
1001 1267 1097 1325 mori

284 1453 344 1517 ego
366 1429 492 1516 pridem
515 1451 712 1513 censueram,
737 1452 809 1494 cum
830 1431 915 1496 idem
930 1430 969 1495 de
992 1433 1104 1498 eodem
1117 1456 1214 1500 versu
1229 1435 1334 1500 Bothii
1353 1457 1407 1500 esse

282 1541 437 1607 iudicium
465 1539 540 1605 vidi.
584 1539 716 1609 Etenim
749 1541 994 1606 usitatissimum
1027 1557 1071 1608 est
1102 1545 1250 1612 vocabuli
1282 1569 1409 1632 compen·
1488 1547 1489 1558 *

283 1653 370 1718 dium
391 1654 413 1716 ἕ
435 1651 490 1716 ubi
513 1651 839 1737 adstringebaturad
861 1654 1039 1738 proximam
1061 1676 1189 1740 vocem,
1218 1657 1347 1742 protulit
1364 1657 1410 1721 im·

282 1766 457 1851 portunum
484 1761 564 1827 illud
592 1769 700 1843 emori,
731 1763 815 1848 quod
837 1786 857 1827 a
879 1763 983 1830 Gudio
1013 1768 1271 1833 commendatum
1297 1769 1409 1834 adnota-
1488 1803 1489 1854 p

282 1875 371 1940 tione
394 1874 434 1938 ad
449 1871 587 1938 Phaedri
608 1873 676 1938 fab.
692 1873 720 1970 l,
743 1873 774 1958 6,
798 1875 828 1958 8,
853 1875 894 1938 ab
916 1875 996 1941 lano
1020 1879 1127 1942 autem
1143 1878 1280 1944 Grutero
1301 1901 1411 1962 suscep

283 1989 351 2050 tum
362 1985 398 2050 in
410 1983 618 2070 Florilegium
630 1984 928 2070 ethico-politicum,
942 1986 1062 2052 editum
1074 1987 1281 2055 Francofurti
1292 2012 1319 2054 a.
1330 1989 1408 2071 1610,

282 2117 371 2161 nunc
391 2095 560 2180 vulgatum
582 2097 642 2158 est.
685 2094 793 2180 Atque
821 2117 860 2160 ex
888 2097 999 2161 eodem
1026 2097 1082 2162 illo
1105 2100 1294 2185 compendio
1315 2121 1410 2165 mana·

282 2207 346 2289 vit,
377 2205 459 2290 quod
485 2205 656 2291 legebatur
688 2208 765 2270 ante
794 2205 948 2272 Gadium:
983 2213 1028 2272 bis
1053 2216 1131 2274 enim
1160 2219 1254 2291 mori,
1282 2211 1353 2278 inde
1377 2211 1410 2274 ab

283 2316 419 2382 Erasmo
440 2315 617 2402 vulgatum.
662 2315 782 2392 Quodsi
804 2317 838 2382 in
858 2317 964 2402 priore
985 2317 1056 2384 loco
1071 2321 1212 2404 positum
1234 2324 1300 2386 erat
1319 2327 1408 2398 emon,

284 2427 425 2512 proclive
452 2430 522 2492 erat
552 2427 662 2492 eodem
689 2427 782 2493 modo
808 2449 918 2493 versus
947 2427 1067 2493 exitum
1088 2430 1298 2517 interpolare,
1320 2437 1352 2496 ut
1370 2433 1411 2496 est

285 2539 369 2624 apud
399 2538 587 2604 Gruterum:
620 2543 664 2604 bis
692 2551 738 2603 est
763 2547 843 2604 mori
868 2547 994 2606 alterius
1022 2545 1151 2607 arcitao
1178 2547 1281 2609 emori.
1323 2541 1409 2619 Quam

284 2649 413 2736 quidem
434 2650 627 2734 scripturam
649 2671 714 2713 una
729 2649 858 2714 sublata
878 2649 1021 2715 litterula
1035 2652 1180 2738 perpolio
1202 2654 1258 2739 sic,
1281 2658 1410 2738 utsupra

286 2760 474 2828 commonui.
519 2759 605 2824 Nam
626 2781 693 2825 non
714 2763 821 2845 potest
848 2761 1021 2846 quicquam
1048 2764 1185 2848 cogItari
1213 2764 1347 2850 ineptius
1364 2762 1409 2827 illo

235 2885 266 2936 17
286 2873 461 2958 composito
482 2871 580 2936 verbo
601 2878 717 2950 emori,
747 2892 809 2956 quo
831 2874 864 2934 et
886 2874 1067 2938 sententiae
1094 2875 1266 2962 integritas
1289 2893 1407 2940 cornm-

284 2985 373 3069 pitur
394 2987 428 3048 et
449 2982 667 3068 oppositorum
688 2981 814 3047 tollitur
836 2983 1048 3048 concinnitas.

369 3093 421 3159 Ita
443 3095 551 3158 autem
574 3093 635 3158 etsi
656 3114 756 3157 unum
777 3094 968 3158 removimus
990 3096 1182 3181 exemplum,
1210 3101 1316 3162 tamen
1335 3115 1407 3180 prae

284 3211 335 3272 ter
356 3227 483 3270 versum
509 3203 659 3287 tertium,
693 3203 732 3268 de
764 3224 827 3288 quo
860 3203 1025 3288 aliquanto
1055 3209 1129 3290 post
1162 3209 1225 3272 erit
1252 3203 1406 3272 disserendi

285 3319 384 3401 locus,
408 3315 485 3400 quid
506 3314 565 3378 fiat
586 3313 740 3400 reliquis?
769 3314 910 3380 Athaco
925 3336 1049 3400 quoquc
1071 3315 1098 3380 ai
1120 3317 1228 3381 minus
1250 3315 1405 3394 removebo,

287 3429 373 3492 certe
401 3425 647 3511 argumentandi
675 3425 724 3508 vi,
754 3428 790 3489 ut
815 3446 925 3509 spero,
952 3425 1095 3510 privabo.
1140 3426 1244 3503 Quam
1266 3424 1405 3492 autemiu

285 3537 371 3602 hanc
393 3558 460 3600 rem
488 3539 733 3621 exprompturus
760 3557 830 3600 sum
864 3535 1095 3620 coniecturam,
1127 3559 1199 3602 eam
1224 3561 1287 3603 noa
1317 3535 1404 3600 dubito

286 3649 365 3736 quin
386 3646 535 3712 nonnulli
556 3647 727 3740 temeraria
749 3667 819 3713 esse
841 3645 974 3711 audacia
997 3648 1214 3734 excogitatam
1237 3643 1403 3714 clamitatun'

286 3761 353 3826 sint
375 3762 408 3824 εὴ
423 3757 602 3824 cavillaturi
623 3758 709 3823 haud
724 3757 936 3823 mediocriter.
981 3756 1101 3834 Quibus
1124 3761 1331 3845 reputandum
1342 3753 1403 3821 illud

286 3875 346 3956 est,
370 3870 449 3935 haec
471 3871 579 3934 omnia
601 3891 668 3934 non
690 3869 867 3954 excogitari
889 3869 930 3933 ad
952 3889 1069 3934 novam
1091 3871 1252 3955 quandam
1274 3873 1303 3934 ct
1322 3868 1403 3932 inccr-

285 3987 354 4048 tam
376 3981 561 4066 opinionem
581 3980 644 4045 levi
666 3980 803 4066 quadam
817 3979 1056 4065 probabilitatis
1078 3981 1185 4065 specie
1206 3983 1314 4066 argute
1334 3997 1403 4042 eror-

286 4093 439 4176 nandam‚
463 4092 518 4156 sed
540 4090 581 4155 ad
602 4091 828 4156 stabiliendam
855 4091 923 4155 eius
950 4090 1037 4156 modi
1059 4091 1254 4156 sententiam
1279 4085 1403 4175 proferri,

287 4223 368 4289 quae
390 4206 423 4268 ct
445 4201 614 4287 analogiae
635 4201 697 4267 fide
720 4205 752 4266 et
766 4202 1029 4267 documentorum
1050 4201 1212 4287 gravitate
1234 4202 1343 4267 dudum
1361 4217 1404 4260 no

290 4313 337 4377 bis
365 4314 408 4378 sit
428 4334 592 4398 persuasa.
645 4311 743 4377 Enim
770 4333 845 4377 vero
873 4311 999 4378 illorum
1025 4312 1091 4376 vim
1118 4315 1328 4398 exemplorum
1351 4327 1403 4372 non

289 4422 428 4492 conabor
455 4423 600 4511 equidem
623 4423 743 4490 diluere
766 4422 979 4508 emendand03
1007 4445 1200 4510 quamquam
1227 4423 1308 4488 enim
1327 4413 1405 4504 print
