2980 5148
427 392 649 446 auossaawu
671 391 886 440 rnavrruvu.
1165 375 1226 440 211

100 547 130 626 in
148 549 234 609 tanta
255 545 438 630 frequentia
457 557 565 625 postca
582 555 743 625 postquam
765 545 936 630 (posquam)
955 543 1147 608 formarum:
1169 523 1239 606 nec¹

97 657 323 736 posteaquam)
352 655 537 738 antiquitati
564 655 669 740 magis
696 653 818 738 placuit
841 675 938 738 quam
963 665 1147 732 anteaquam
1173 652 1229 717 1111

100 767 195 830 aetati.
239 765 285 830 Vt
316 787 417 850 aequo
439 769 607 852 [momento
628 769 755 830 tantum
774 771 903 845 posthac
926 769 1056 830 antchac
1079 786 1229 830 censean-

100 879 153 938 tur.
194 875 283 950 Quod
317 897 420 960 genus
451 875 639 940 universum
670 875 804 959 longum
837 877 886 940 est
906 875 967 938 hoa
988 873 1059 938 loco
1081 876 1229 960 persequi

99 985 228 1050 uberius:
265 1007 459 1070 quamquam
491 986 648 1070 potiorem
679 987 805 1069 partem
836 985 902 1048 iam
938 983 1144 1050 tractavimus
1178 985 1228 1050 vel

98 1095 198 1158 saltem
219 1095 386 1179 tetigimus
408 1095 511 1159 Musei
543 1095 694 1160 Rhenani
716 1099 739 1158 t.
764 1093 826 1158 VII
848 1115 879 1177 p.
902 1094 965 1160 567
989 1116 1058 1179 sqq.
1083 1133 1125 1146 -
1147 1093 1227 1159 Post

100 1203 270 1269 Plautinum
304 1209 410 1269 autem
443 1206 581 1269 aetatem
614 1208 681 1268 tam
714 1204 777 1268 cito
804 1204 940 1268 rariores
963 1227 1001 1268 ex
1023 1204 1087 1270 illis
1108 1205 1228 1270 formas

100 1337 164 1377 raus
185 1315 335 1398 abolevit,
369 1319 405 1378 ut
427 1319 554 1399 praeter
576 1321 718 1397 antchac,
750 1320 878 1396 posthoc
911 1319 944 1380 et
963 1321 1088 1395 postilla
1109 1315 1227 1381 Teren·

99 1423 152 1486 tius
181 1425 303 1488 nullam
331 1425 467 1489 noverit.
512 1425 549 1488 Id
580 1447 645 1488 uon
668 1425 747 1488 satis
769 1428 922 1508 reputans
944 1424 1171 1490 Lachmannus
1193 1425 1228 1490 in

100 1531 179 1596 hucr.
202 1557 232 1618 p.
260 1533 320 1598 116
343 1533 487 1598 Andriae
508 1534 612 1598 versui
635 1533 675 1616 V,
710 1535 741 1617 4,
776 1535 818 1599 33
841 1535 929 1616 (936)
951 1539 1063 1614 postdu'
1082 1534 1227 1600 obtrude-

100 1642 146 1705 bat
165 1649 291 1728 practer
313 1645 486 1708 rationem:
519 1644 603 1728 quod
625 1667 697 1708 cum
718 1665 785 1709 non
807 1666 845 1708 er
864 1655 935 1725 post
956 1647 989 1708 et
1009 1649 1054 1709 ibi
1074 1645 1227 1729 composi-

100 1754 228 1837 trusit,
253 1752 311 1817 sed
333 1775 463 1836 prorsus
485 1754 609 1818 factum
629 1759 666 1818 ut
687 1759 817 1825 interibi,
841 1775 883 1818 ne
904 1753 991 1818 tollit
1011 1754 1151 1839 quidem,
1176 1755 1225 1818 cui

98 1862 215 1928 vitando
247 1863 416 1927 inventum
449 1867 513 1948 est,
547 1885 613 1928 uno
647 1863 801 1928 vocabulo
835 1862 1098 1947 comprehensum
1120 1865 1227 1947 dacty-

97 1972 224 2056 lum.**)
269 1972 484 2038 Numerarem
506 1974 606 2058 igitur
627 1973 807 2058 integritati
835 1995 901 2038 non
924 1973 1014 2038 rideo
1040 1974 1094 2058 qui
1123 1973 1227 2038 lenius

98 2104 180 2166 quam
201 2084 248 2148 sic
273 2085 437 2148 consulas:
484 2088 557 2148 Tam
580 2105 645 2148 cam
667 2087 794 2149 veatae!
814 2089 864 2148 lu'c
885 2085 1073 2164 relinquere:
1104 2085 1227 2164 postilla

98 2215 167 2258 runc
195 2201 328 2274 primm
359 2195 466 2258 audio:
500 2193 627 2278 quando
660 2215 773 2280 parum
805 2193 912 2277 placet
933 2196 1127 2276 anapaestus
1152 2197 1226 2258 Tam

97 2309 168 2368 iliam
188 2306 237 2368 hic
259 2311 386 2369 cordua
406 2305 585 2382 relinquere.

172 2414 225 2477 101
251 2419 429 2493 temperi:
452 2413 555 2478 Stichi
577 2413 618 2496 V,
641 2413 673 2496 2,
697 2413 717 2477 6
740 2413 844 2496 (614);
867 2413 938 2477 vide
961 2413 1001 2478 ad
1023 2416 1044 2493 ᾖ
1066 2413 1119 2478 66.

169 2523 211 2587 11
233 2523 534 2607 Amphitruone.
582 2523 643 2588 102
664 2531 853 2604 nequiter:
875 2523 902 2607 Ι,
928 2524 956 2606 1,
983 2521 1043 2588 169
1066 2523 1155 2606 (316)
1177 2543 1226 2586 ac-

97 2635 184 2710 quaer
198 2636 302 2710 scrire
324 2635 435 2697 mdlam
458 2640 537 2697 maie
559 2636 647 2698 discit
668 2655 786 2712 manus,
820 2636 857 2696 ut
877 2633 1005 2716 quidem
1028 2631 1152 2696 codices
1175 2653 1227 2696 ex·

97 2739 196 2806 hibent
217 2747 304 2825 (cum
328 2741 444 2806 Vetere
467 2742 565 2808 etiam
585 2743 763 2809 Vaticanus
785 2741 1001 2826 Vrsinianus).

96 2863 106 2868 ·
127 2866 286 2876 -—-—-.

151 2912 175 2980 ²)
201 2913 233 2965 In
255 2910 379 2982 epistula
396 2909 432 2964 ad
449 2910 572 2964 Atticum
589 2909 667 2978 ΧΗΙ,
684 2916 731 2980 47,
750 2919 762 2964 1
785 2927 899 2982 prorsus
916 2910 1052 2964 incertum
1075 2910 1117 2962 est
1134 2909 1226 2962 utrum

96 3002 184 3056 veteris
200 3007 305 3074 poetae
324 3021 361 3058 an
378 3003 465 3073 ipsius
484 3003 623 3058 Ciceronis
641 3003 678 3057 sit
693 3013 877 3074 posteaquam
899 3001 1077 3058 vocabulum:
1107 3001 1140 3054 ci.
1160 3000 1227 3056 Rib-

95 3094 173 3149 beclrii
198 3097 285 3167 Trag.
314 3103 420 3166 1201.
457 3105 609 3166 uunquam
633 3113 689 3151 non
715 3097 773 3152 vidi
799 3099 865 3152 ante
891 3095 1011 3150 Novium
1037 3093 1120 3148 Nonii
1146 3111 1174 3163 p.
1193 3101 1226 3149 39

95 3196 124 3251 (r.
143 3196 170 3242 19
186 3189 284 3258 Ribb.)
303 3189 418 3244 dictum,

150 3283 188 3352 ”j
205 3285 238 3338 In
256 3283 360 3338 cadem
386 3300 495 3350 caussa,
524 3285 557 3338 ut
573 3283 627 3338 hoo
643 3284 788 3353 tamquam
806 3282 978 3354 praeteriens
1000 3297 1225 3348 commemorem,

93 3373 185 3442 aliquid
202 3376 323 3431 humani
341 3375 432 3430 eidam
451 3376 630 3431 Lachmanno
648 3376 751 3430 accidit
768 3377 804 3431 ad
822 3375 977 3430 Trinummi
994 3392 1103 3430 versum
1120 3375 1154 3442 V,
1171 3383 1226 3445 11,3

93 3472 169 3536 illua)
191 3473 338 3540 spectans,
361 3487 444 3537 quem
465 3469 512 3523 ille
535 3469 623 3524 voluit
645 3470 704 3524 sine
724 3485 839 3526 caesura
859 3469 1016 3524 claudicare
1033 3471 1107 3527 Nam
1124 3472 1164 3527 etc
1180 3471 1226 3528 hir

93 3563 197 3620 oedibus
215 3581 259 3621 me
278 3563 517 3633 exaedificasset,
537 3580 644 3632 apsque
662 3566 692 3620 ιε’
705 3565 797 3633 soret,
816 3565 848 3617 tu
865 3563 902 3618 ad
919 3580 1098 3619 numerorum
1116 3563 1226 3634 elegan-

91 3651 149 3708 tiam
165 3655 205 3710 sie
220 3656 436 3726 transponendo
455 3654 599 3711 revocabis
621 3657 694 3714 Nam
717 3657 965 3727 exaedificavisset
987 3675 1044 3726 mc,
1068 3675 1175 3727 apsque
1199 3658 1230 3713 te

91 3747 165 3812 soret,
182 3767 222 3807 etc
238 3753 287 3807 his
306 3751 435 3808 ac'dibar.
452 3777 487 3788 -
502 3749 562 3803 Nec
578 3749 608 3802 in
625 3749 773 3819 adelphon
791 3749 836 3816 IV,
854 3756 878 3816 ’1,
896 3757 930 3806 40
947 3753 1018 3819 (758)
1036 3752 1126 3809 torna
1143 3765 1224 3820 rapo·

92 3841 160 3894 nenti
176 3860 265 3912 opera
283 3841 430 3898 successit:
454 3859 538 3909 quam
560 3843 679 3898 formam
696 3859 770 3912 nego
787 3842 905 3898 latinam
923 3860 990 3900 essa.
1013 3875 1047 3884 -
1068 3843 1127 3898 Nec
1144 3861 1226 3902 scra·

90 3933 146 3996 piar
163 3936 286 3990 concedo
306 3935 505 3992 Terentianum
524 3952 583 3990 esse
600 3935 685 3992 Andr.
699 3935 732 4002 Y,
744 3942 769 4002 4,
781 3942 813 3991 37
826 3939 906 4007 (910),
923 3937 972 3992 ubi
989 3935 1224 4006 transponendum
1341 3981 1346 3992 ,

92 4027 121 4080 a
134 4032 288 4099 scrupulas
308 4033 349 4085 mi
364 4033 448 4086 eiiam
467 4032 542 4086 riuus
560 4037 658 4086 restat.
677 4057 711 4072 ·-
729 4028 858 4084 Ceterum
879 4048 934 4085 non
953 4028 1062 4095 rectius,
1080 4045 1163 4096 quam
1181 4027 1225 4082 val

91 4129 145 4182 port
160 4124 197 4178 ihi
214 4123 259 4177 rel
276 4130 345 4191 past
362 4125 405 4188 id,
427 4139 479 4191 pro
500 4123 615 4192 postilla
636 4121 665 4176 11
689 4121 770 4176 Ennii
794 4139 873 4176 versu
895 4122 963 4190 (sive
983 4122 1007 4174 is
1031 4121 1101 4176 alius
1123 4121 1225 4190 tragici

94 4211 136 4279 est)
156 4219 186 4268 61
203 4215 253 4282 V.,
280 4233 311 4284 p.
331 4205 392 4280 101,
420 4221 452 4268 15
477 4215 510 4270 R.
538 4212 632 4268 editur
660 4224 726 4284 post
755 4217 814 4274 iila.
858 4217 902 4268 An
932 4229 1064 4283 umquam
1094 4212 1147 4267 ruit
1176 4214 1224 4283 qui

92 4314 145 4367 part
165 4325 198 4364 ca
223 4307 351 4362 seribere
373 4325 424 4376 pro
445 4317 545 4378 postca
567 4309 652 4363 etiam
675 4310 765 4364 metro
787 4323 843 4361 non
861 4307 1022 4374 refragante
1040 4305 1162 4361 animum
1184 4307 1225 4362 iu·

96 4393 211 4456 ouante
