2996 5148
444 387 661 448 vaarnocvra
684 387 872 436 raavrmn.
1165 371 1229 438 433
1277 357 1278 360 ¹

87 555 216 616 prorsus
245 537 391 622 ignorat,
424 540 509 622 apud
536 563 630 626 quem
656 542 790 606 noviens
813 563 953 622 perpure
979 544 1101 618 exstat,
1131 540 1228 606 semel

83 653 241 729 preputio,
264 650 314 712 ter
330 670 525 729 exparpare:
548 673 611 735 quo
633 653 758 716 accedit
779 652 863 736 quod
885 652 1019 716 eandem
1043 651 1127 716 circa
1143 651 1227 715 idem

83 756 212 838 tempus
235 757 278 843 (si
297 763 385 823 recte
408 760 601 824 coniecimus
616 761 719 827 Musei
739 763 843 826 nostri
857 764 882 826 t.
899 761 946 826 IX
960 785 993 846 p.
1012 761 1082 846 160)
1106 761 1228 825 factum

82 868 191 930 senati
220 867 400 933 consultum
426 869 466 934 de
488 865 675 935 'libdrtibus
703 875 825 955 servat,
853 872 889 936 in
911 893 973 958 quo
1000 871 1228 955 scriptumest

82 991 836 1054 Qvlssvsqtht·REBV8·vos·PVRGAvlsTIS
859 985 893 1046 et
912 997 1226 1046 nrt-mmsaaavs·

81 1100 579 1156 arremarensem-asan:
618 1092 674 1156 sed
696 1092 780 1176 apud
815 1091 918 1176 ipsum
946 1091 1096 1156 Plautum
1128 1113 1228 1155 unum

81 1199 171 1261 certe
200 1200 431 1265 connectionis
458 1202 638 1287 exemplum
666 1202 762 1286 plane
791 1225 857 1266 non
885 1205 1123 1267 controversum
1148 1199 1227 1265 illud

78 1309 127 1370 est
150 1305 260 1374 Stichi
281 1331 311 1373 v.
335 1311 414 1376 359:

212 1444 285 1509 ‘Alii
306 1451 396 1527 piscis
419 1452 596 1532 depurgata,
620 1455 695 1531 quds
717 1455 850 1530 piscator
872 1453 987 1513 attunt.

167 1579 323 1666 Superest
344 1587 452 1648 autern
473 1587 510 1648 ut
531 1584 570 1648 de
591 1606 657 1649 uno
678 1587 731 1670 qui
749 1585 889 1670 reliquus
904 1590 953 1649 eat
968 1607 1061 1649 versu
1075 1584 1226 1651 Plautino

74 1695 274 1774 quaeratur,
298 1692 484 1758 Ardulariae
505 1693 563 1777 IV,
589 1694 639 1777 10,
662 1693 724 1760 23:

137 1833 217 1893 Non
233 1833 275 1892 mi
289 1834 424 1894 homines
439 1836 562 1911 placent
577 1836 639 1912 qui,
662 1837 783 1912 quando
800 1837 879 1896 mole
896 1837 1040 1910 fecerunt,
1056 1837 1224 1914 purgitant.

72 1971 124 2038 Ita
150 1973 246 2037 enim
267 1973 422 2057 seriptum
444 1975 542 2039 habet
564 1996 643 2038 sane
671 1997 742 2040 curn
766 1976 880 2040 ceteris
901 1974 1003 2040 Vetus
1026 1975 1141 2058 codex,
1171 1975 1226 2040 sed

70 2087 107 2148 ut
129 2083 238 2148 fidem
260 2087 368 2148 tamen
389 2084 443 2148 vix
464 2084 620 2148 inveniat.
663 2083 738 2149 Non
761 2087 894 2150 nitimur
915 2086 1102 2150 mutationis
1123 2084 1226 2150 facili·

70 2197 156 2278 tate,
183 2215 251 2278 qua
267 2201 418 2274 paripant
439 2195 497 2258 fiat
518 2215 648 2279 prorsus
671 2194 711 2258 ad
733 2195 976 2261 similitudinem
989 2195 1075 2260 illius
1092 2196 1128 2260 in
1142 2194 1225 2260 Mer·

70 2309 189 2370 catore
213 2304 351 2388 exempli
373 2325 497 2370 numae
513 2311 654 2385 paripas,
678 2305 734 2370 ubi
755 2307 832 2369 item
855 2305 999 2370 absolute
1021 2306 1160 2390 positum
1177 2308 1226 2370 est

66 2436 222 2495 prrryare
243 2435 301 2498 pro
320 2435 459 2494 purpure
481 2421 599 2495 aliquid
619 2416 669 2481 vel
691 2437 723 2480 sc
738 2437 897 2496 purpure:
919 2415 975 2480 sed
996 2415 1104 2502 paullo
1126 2419 1159 2480 et
1178 2437 1226 2479 re-

69 2524 262 2591 conditiora
284 2527 317 2587 et
337 2525 484 2608 graviore
506 2527 787 2610 argumentatione
802 2525 921 2590 utimur
936 2547 975 2590 ex
989 2526 1060 2609 ipsa
1075 2524 1226 2610 analogia

67 2635 215 2722 linguae
245 2635 396 2719 petita.*)
445 2634 618 2700 Enimvero
646 2639 815 2720 postquam
842 2641 1030 2716 obiurpitare
1058 2635 1145 2700 verbi
1173 2655 1224 2700 ex·

68 2746 187 2831 empla
212 2748 412 2808 evanuerunt
433 2745 552 2828 omnia,
576 2745 708 2810 omnino
728 2744 790 2810 hoc
811 2745 847 2809 in
869 2768 931 2831 quo
948 2767 1111 2810 versamur
1125 2767 1225 2809 unum

66 2857 184 2922 solum
207 2853 357 2919 relictum
380 2857 429 2920 est
450 2856 618 2920 iterativae
639 2855 674 2920 in
697 2877 734 2920 eo
756 2875 874 2940 genere
896 2857 1046 2920 universo
1060 2855 1224 2919 formatio-

66 2969 123 3032 nis
148 2963 394 3030 testimonium:
422 2965 486 3030 nisi
512 2966 595 3051 quod
617 2988 635 3030 e
657 2964 830 3049 deperditis
857 2965 1001 3048 partibus
1024 2962 1224 3030 Cistellariae

66 3079 159 3142 haec
184 3078 273 3150 Quae
294 3082 383 3154 quast
407 3083 562 3153 omnificis
589 3082 753 3155 aaatporta
775 3081 943 3156 parpitaas
971 3073 1035 3156 (vel
1051 3079 1225 3154 parpitarr's

66 3184 259 3252 seeundum
285 3183 471 3250 Leidensem
500 3185 654 3270 codicem)
683 3183 808 3250 Nonius
830 3207 862 3268 p.
889 3183 950 3248 190
971 3181 1120 3267 protulit,
1149 3204 1223 3267 quo-

66 3321 145 3362 rum
171 3299 210 3358 ut
233 3293 312 3357 fides
335 3295 381 3358 ite
404 3296 598 3360 existimatio
614 3295 710 3359 nimis
731 3296 862 3359 incerta
889 3297 947 3358 est.
972 3293 1037 3357 Lex
1052 3295 1223 3358 astantem

65 3410 224 3511 linguae,
248 3407 286 3468 ut
300 3425 318 3468 e
333 3405 436 3469 verbis
452 3404 653 3488 derivativis,
675 3427 756 3489 quae
772 3427 837 3468 una
852 3403 975 3487 syllaba
991 3403 1134 3468 auctiora
1149 3405 1225 3468 sunt

66 3513 265 3603 primitivis,
289 3535 355 3578 non
378 3537 527 3599 umquam
543 3537 626 3578 nova
641 3515 838 3578 derivatione
853 3514 951 3578 verba
965 3513 1116 3578 iterativa
1130 3513 1223 3578 fiant.

67 3624 295 3706 licuerat,‚si
316 3622 500 3707 placuisset,
524 3647 541 3688 e
558 3645 679 3705 parare
701 3631 806 3688 iurare
828 3643 961 3688 narrare
983 3623 1127 3688 derivare
1140 3630 1224 3703 pure·-

67 3751 142 3803 tara
167 3741 303 3800 tartare
324 3740 482 3798 narritarc
502 3733 622 3798 formas
644 3736 681 3797 ut
694 3739 853 3798 clamitare
867 3741 1044 3812 quaeritare
1058 3755 1075 3797 e
1089 3739 1226 3797 clamare

66 3864 231 3930 pererrare
252 3845 350 3927 atque
372 3842 450 3908 adeo
471 3851 623 3908 cantitare
642 3851 793 3910 cursitare
814 3865 830 3907 e
852 3854 982 3909 cantare
996 3863 1136 3908 cursare:
1159 3861 1224 3904 non

66 3955 182 4042 magis
213 3943 336 4018 licebat
363 3953 413 4018 vel
438 3961 640 4034 par-r‘thare
661 3959 853 4032 iar-tp-e'tare
881 3953 931 4018 vel
957 3957 1154 4030 nav-ip-r'tara
1176 3955 1222 4012 la-

140 4213 168 4282 *l
188 4209 278 4282 [Nihil
296 4210 394 4263 famen
412 4205 518 4274 horum,
537 4207 637 4276 quibus
654 4211 793 4278 pariana!
810 4207 927 4262 sormam
945 4203 1154 4288 vindicavimus,
1171 4219 1221 4256 nn·

66 4323 140 4377 pero
158 4303 329 4361 Aululariae
347 4301 451 4356 editori
469 4301 693 4370 cantabrigiensi
711 4303 746 4368 (a.
767 4303 843 4369 1866)
867 4297 1004 4352 Guilelmo
1022 4297 1165 4366 Wagncro
1184 4295 1222 4348 in-

67 4399 195 4456 notuisse
214 4395 351 4464 videtur]

120 4523 166 4558 ra.
187 4515 362 4556 nrvsoaaarr
382 4515 524 4552 orsaorsa
544 4517 576 4552 ιι.
977 4476 1019 4540 28
