<?xml version="1.0" encoding="UTF-8"?>
<!DOCTYPE html PUBLIC "-//W3C//DTD XHTML 1.0 Transitional//EN"
    "http://www.w3.org/TR/xhtml1/DTD/xhtml1-transitional.dtd">
<html xmlns="http://www.w3.org/1999/xhtml" xml:lang="en" lang="en">
 <head>
  <title>
</title>
<meta http-equiv="Content-Type" content="text/html;charset=utf-8" />
  <meta name='ocr-system' content='tesseract 3.04.00' />
  <meta name='ocr-capabilities' content='ocr_page ocr_carea ocr_par ocr_line ocrx_word'/>
</head>
<body>
  <div class='ocr_page' id='page_1' title='image "./fridericiritsch06wachgoog_0273.png"; bbox 0 0 3002 5146; ppageno 0'>
   <div class='ocr_carea' id='block_1_1' title="bbox 286 405 1084 472">
    <p class='ocr_par' dir='ltr' id='par_1_1' title="bbox 286 405 1084 472">
     <span class='ocr_line' id='line_1_1' title="bbox 286 405 1084 472; baseline 0.001 -3"><span class='ocrx_word' id='word_1_1' title='bbox 286 405 350 470; x_wconf 84' lang='lat'>244</span> <span class='ocrx_word' id='word_1_2' title='bbox 626 423 847 472; x_wconf 75' lang='lat' dir='ltr'>snossnsuvn</span> <span class='ocrx_word' id='word_1_3' title='bbox 869 423 1084 471; x_wconf 74' lang='lat' dir='ltr'>rnnvrruvn.</span> 
     </span>
    </p>
   </div>
   <div class='ocr_carea' id='block_1_2' title="bbox 278 575 1481 3965">
    <p class='ocr_par' dir='ltr' id='par_1_2' title="bbox 285 575 1402 770">
     <span class='ocr_line' id='line_1_2' title="bbox 286 575 1400 660; baseline 0.001 -22"><span class='ocrx_word' id='word_1_4' title='bbox 286 575 380 640; x_wconf 83' lang='lat' dir='ltr'>serio.</span> <span class='ocrx_word' id='word_1_5' title='bbox 418 575 567 642; x_wconf 80' lang='lat' dir='ltr'>Ceterum</span> <span class='ocrx_word' id='word_1_6' title='bbox 584 581 712 660; x_wconf 78' lang='lat' dir='ltr'>praeter</span> <span class='ocrx_word' id='word_1_7' title='bbox 726 582 854 640; x_wconf 83' lang='lat' dir='ltr'>omondi</span> <span class='ocrx_word' id='word_1_8' title='bbox 868 578 1036 660; x_wconf 73' lang='grc' dir='ltr'>(ρενευηιίι)</span> <span class='ocrx_word' id='word_1_9' title='bbox 1052 576 1235 658; x_wconf 86' lang='lat' dir='ltr'>notionem,</span> <span class='ocrx_word' id='word_1_10' title='bbox 1252 597 1310 660; x_wconf 90' lang='lat' dir='ltr'>quo</span> <span class='ocrx_word' id='word_1_11' title='bbox 1323 577 1400 640; x_wconf 85' lang='lat' dir='ltr'>etism</span> 
     </span>
     <span class='ocr_line' id='line_1_3' title="bbox 285 683 1402 770; baseline -0.002 -20"><span class='ocrx_word' id='word_1_12' title='bbox 285 683 384 750; x_wconf 92' lang='lat' dir='ltr'>Nonii</span> <span class='ocrx_word' id='word_1_13' title='bbox 398 709 430 770; x_wconf 92' lang='lat' dir='ltr'>p.</span> <span class='ocrx_word' id='word_1_14' title='bbox 450 687 511 752; x_wconf 88' lang='lat'>104</span> <span class='ocrx_word' id='word_1_15' title='bbox 525 688 671 770; x_wconf 83' lang='lat' dir='ltr'>exempla</span> <span class='ocrx_word' id='word_1_16' title='bbox 686 689 851 770; x_wconf 81' lang='lat' dir='ltr'>spectant,</span> <span class='ocrx_word' id='word_1_17' title='bbox 874 685 981 750; x_wconf 91' lang='lat' dir='ltr'>nullus</span> <span class='ocrx_word' id='word_1_18' title='bbox 995 685 1059 750; x_wconf 84' lang='lat' dir='ltr'>fuit</span> <span class='ocrx_word' id='word_1_19' title='bbox 1072 685 1167 750; x_wconf 89' lang='lat' dir='ltr'>huius</span> <span class='ocrx_word' id='word_1_20' title='bbox 1182 686 1321 751; x_wconf 80' lang='lat' dir='ltr'>adverbii</span> <span class='ocrx_word' id='word_1_21' title='bbox 1332 707 1402 750; x_wconf 85' lang='lat' dir='ltr'>usus.</span> 
     </span>
    </p>

    <p class='ocr_par' dir='ltr' id='par_1_3' title="bbox 284 795 1406 1098">
     <span class='ocr_line' id='line_1_4' title="bbox 371 795 1403 882; baseline -0.003 -22"><span class='ocrx_word' id='word_1_22' title='bbox 371 796 412 860; x_wconf 90' lang='grc'>12</span> <span class='ocrx_word' id='word_1_23' title='bbox 432 803 715 876; x_wconf 79' lang='lat' dir='ltr'><strong><em>aliquovorsum</em></strong></span> <span class='ocrx_word' id='word_1_24' title='bbox 747 795 811 882; x_wconf 88' lang='lat' dir='ltr'>(vel</span> <span class='ocrx_word' id='word_1_25' title='bbox 833 795 1054 880; x_wconf 73' lang='lat' dir='ltr'>exquisitiore,</span> <span class='ocrx_word' id='word_1_26' title='bbox 1078 817 1175 880; x_wconf 85' lang='lat' dir='ltr'>quam</span> <span class='ocrx_word' id='word_1_27' title='bbox 1199 795 1403 882; x_wconf 80' lang='lat' dir='ltr'>Scaligerenus</span> 
     </span>
     <span class='ocr_line' id='line_1_5' title="bbox 284 902 1406 992; baseline -0.002 -22"><span class='ocrx_word' id='word_1_28' title='bbox 284 907 433 990; x_wconf 79' lang='lat' dir='ltr'>servavit,</span> <span class='ocrx_word' id='word_1_29' title='bbox 455 905 559 971; x_wconf 81' lang='lat' dir='ltr'>sonna</span> <span class='ocrx_word' id='word_1_30' title='bbox 580 907 808 992; x_wconf 84' lang='lat' dir='ltr'>oticouorsum):</span> <span class='ocrx_word' id='word_1_31' title='bbox 831 905 967 971; x_wconf 82' lang='lat' dir='ltr'>Cesinee</span> <span class='ocrx_word' id='word_1_32' title='bbox 988 905 1032 990; x_wconf 93' lang='grc' dir='ltr'>Π,</span> <span class='ocrx_word' id='word_1_33' title='bbox 1054 906 1086 990; x_wconf 90' lang='grc'>4,</span> <span class='ocrx_word' id='word_1_34' title='bbox 1112 906 1152 970; x_wconf 89' lang='lat'>18</span> <span class='ocrx_word' id='word_1_35' title='bbox 1167 902 1246 986; x_wconf 76' lang='lat' dir='ltr'>&#39;Eoo</span> <span class='ocrx_word' id='word_1_36' title='bbox 1262 912 1406 987; x_wconf 73' lang='lat' dir='ltr'>polutum</span> 
     </span>
     <span class='ocr_line' id='line_1_6' title="bbox 285 1017 937 1098; baseline 0 -17"><span class='ocrx_word' id='word_1_37' title='bbox 285 1024 345 1081; x_wconf 87' lang='lat' dir='ltr'>torn</span> <span class='ocrx_word' id='word_1_38' title='bbox 366 1019 588 1098; x_wconf 74' lang='lat' dir='ltr'>itiquooorsum</span> <span class='ocrx_word' id='word_1_39' title='bbox 611 1019 763 1096; x_wconf 66' lang='lat' dir='ltr'>trinutum</span> <span class='ocrx_word' id='word_1_40' title='bbox 785 1017 937 1082; x_wconf 76' lang='lat' dir='ltr'>deo&#39;rtero.</span> 
     </span>
    </p>

    <p class='ocr_par' dir='ltr' id='par_1_4' title="bbox 283 1125 1481 1980">
     <span class='ocr_line' id='line_1_7' title="bbox 371 1125 1409 1211; baseline -0.001 -21"><span class='ocrx_word' id='word_1_41' title='bbox 371 1128 410 1193; x_wconf 87' lang='lat'>13</span> <span class='ocrx_word' id='word_1_42' title='bbox 432 1133 626 1208; x_wconf 79' lang='lat' dir='ltr'><em>ampliter:</em></span> <span class='ocrx_word' id='word_1_43' title='bbox 649 1126 789 1191; x_wconf 86' lang='lat' dir='ltr'>eiusdem</span> <span class='ocrx_word' id='word_1_44' title='bbox 809 1125 853 1211; x_wconf 93' lang='lat' dir='ltr'>II,</span> <span class='ocrx_word' id='word_1_45' title='bbox 877 1127 908 1209; x_wconf 89' lang='lat'>8,</span> <span class='ocrx_word' id='word_1_46' title='bbox 931 1126 974 1192; x_wconf 81' lang='lat'>65</span> <span class='ocrx_word' id='word_1_47' title='bbox 988 1138 1134 1207; x_wconf 82' lang='lat' dir='ltr'>opsonoto</span> <span class='ocrx_word' id='word_1_48' title='bbox 1149 1127 1301 1205; x_wconf 71' lang='lat' dir='ltr'>simpliter.</span> <span class='ocrx_word' id='word_1_49' title='bbox 1340 1125 1409 1190; x_wconf 80' lang='lat' dir='ltr'>lton</span> 
     </span>
     <span class='ocr_line' id='line_1_8' title="bbox 284 1235 1410 1321; baseline -0.003 -19"><span class='ocrx_word' id='word_1_50' title='bbox 284 1237 372 1302; x_wconf 85' lang='lat' dir='ltr'>infre</span> <span class='ocrx_word' id='word_1_51' title='bbox 394 1241 414 1318; x_wconf 68' lang='grc' dir='ltr'>ξ</span> <span class='ocrx_word' id='word_1_52' title='bbox 436 1237 477 1302; x_wconf 83' lang='grc'>57</span> <span class='ocrx_word' id='word_1_53' title='bbox 501 1259 518 1302; x_wconf 90' lang='lat' dir='ltr'>e</span> <span class='ocrx_word' id='word_1_54' title='bbox 540 1236 638 1302; x_wconf 86' lang='lat' dir='ltr'>Mero.</span> <span class='ocrx_word' id='word_1_55' title='bbox 672 1236 753 1321; x_wconf 89' lang='lat' dir='ltr'>prol.</span> <span class='ocrx_word' id='word_1_56' title='bbox 788 1235 829 1302; x_wconf 90' lang='lat'>99</span> <span class='ocrx_word' id='word_1_57' title='bbox 851 1240 995 1316; x_wconf 69' lang='lat' dir='ltr'>acceptus</span> <span class='ocrx_word' id='word_1_58' title='bbox 1023 1241 1124 1300; x_wconf 78' lang='lat' dir='ltr'>nitore</span> <span class='ocrx_word' id='word_1_59' title='bbox 1151 1248 1245 1315; x_wconf 84' lang='lat' dir='ltr'>utque</span> <span class='ocrx_word' id='word_1_60' title='bbox 1272 1239 1410 1317; x_wconf 63' lang='lat' dir='ltr'>emption</span> 
     </span>
     <span class='ocr_line' id='line_1_9' title="bbox 286 1345 1411 1432; baseline -0.002 -22"><span class='ocrx_word' id='word_1_61' title='bbox 286 1351 305 1428; x_wconf 70' lang='grc' dir='ltr'>ξ</span> <span class='ocrx_word' id='word_1_62' title='bbox 329 1347 369 1411; x_wconf 85' lang='grc'>97</span> <span class='ocrx_word' id='word_1_63' title='bbox 391 1368 409 1410; x_wconf 91' lang='lat' dir='ltr'>e</span> <span class='ocrx_word' id='word_1_64' title='bbox 431 1345 534 1412; x_wconf 82' lang='lat' dir='ltr'>Stichi</span> <span class='ocrx_word' id='word_1_65' title='bbox 555 1345 600 1424; x_wconf 87' lang='lat' dir='ltr'>V,</span> <span class='ocrx_word' id='word_1_66' title='bbox 629 1347 666 1429; x_wconf 85' lang='lat'>4,</span> <span class='ocrx_word' id='word_1_67' title='bbox 697 1347 737 1411; x_wconf 93' lang='grc'>10</span> <span class='ocrx_word' id='word_1_68' title='bbox 764 1346 855 1432; x_wconf 91' lang='grc'>(692)</span> <span class='ocrx_word' id='word_1_69' title='bbox 885 1351 1017 1410; x_wconf 78' lang='lat' dir='ltr'><em>modeste</em></span> <span class='ocrx_word' id='word_1_70' title='bbox 1036 1349 1144 1426; x_wconf 74' lang='lat' dir='ltr'>ficere</span> <span class='ocrx_word' id='word_1_71' title='bbox 1164 1358 1313 1426; x_wconf 85' lang='lat' dir='ltr'>sumpturo</span> <span class='ocrx_word' id='word_1_72' title='bbox 1334 1365 1411 1425; x_wconf 84' lang='lat' dir='ltr'>quon</span> 
     </span>
     <span class='ocr_line' id='line_1_10' title="bbox 284 1453 1412 1540; baseline -0.003 -19"><span class='ocrx_word' id='word_1_73' title='bbox 284 1459 434 1537; x_wconf 74' lang='lat' dir='ltr'>simpliter.</span> <span class='ocrx_word' id='word_1_74' title='bbox 480 1457 556 1520; x_wconf 82' lang='lat' dir='ltr'>Alio</span> <span class='ocrx_word' id='word_1_75' title='bbox 590 1454 736 1539; x_wconf 83' lang='lat' dir='ltr'>exemplu</span> <span class='ocrx_word' id='word_1_76' title='bbox 767 1477 839 1520; x_wconf 92' lang='lat' dir='ltr'>oum</span> <span class='ocrx_word' id='word_1_77' title='bbox 870 1457 940 1539; x_wconf 88' lang='lat' dir='ltr'>ipse</span> <span class='ocrx_word' id='word_1_78' title='bbox 961 1453 1096 1520; x_wconf 81' lang='lat' dir='ltr'>Plautus</span> <span class='ocrx_word' id='word_1_79' title='bbox 1117 1456 1253 1540; x_wconf 73' lang='lat' dir='ltr'>praebet</span> <span class='ocrx_word' id='word_1_80' title='bbox 1274 1461 1340 1520; x_wconf 89' lang='lat' dir='ltr'>tum</span> <span class='ocrx_word' id='word_1_81' title='bbox 1359 1453 1412 1518; x_wconf 80' lang='lat' dir='ltr'>No</span> 
     </span>
     <span class='ocr_line' id='line_1_11' title="bbox 284 1564 1481 1652; baseline -0.006 -21"><span class='ocrx_word' id='word_1_82' title='bbox 284 1568 357 1631; x_wconf 89' lang='lat' dir='ltr'>nius</span> <span class='ocrx_word' id='word_1_83' title='bbox 379 1588 452 1631; x_wconf 87' lang='lat' dir='ltr'>oum</span> <span class='ocrx_word' id='word_1_84' title='bbox 473 1565 629 1631; x_wconf 70' lang='lat' dir='ltr'>charisio.</span> <span class='ocrx_word' id='word_1_85' title='bbox 674 1565 858 1629; x_wconf 82' lang='lat' dir='ltr'>Breviorem</span> <span class='ocrx_word' id='word_1_86' title='bbox 880 1572 981 1645; x_wconf 80' lang='lat' dir='ltr'>ample</span> <span class='ocrx_word' id='word_1_87' title='bbox 1001 1564 1140 1629; x_wconf 86' lang='lat' dir='ltr'>formem</span> <span class='ocrx_word' id='word_1_88' title='bbox 1161 1587 1228 1630; x_wconf 92' lang='lat' dir='ltr'>non</span> <span class='ocrx_word' id='word_1_89' title='bbox 1251 1567 1353 1652; x_wconf 78' lang='lat' dir='ltr'>magis</span> <span class='ocrx_word' id='word_1_90' title='bbox 1372 1564 1412 1628; x_wconf 88' lang='lat' dir='ltr'>vel</span> <span class='ocrx_word' id='word_1_91' title='bbox 1480 1615 1481 1624; x_wconf 73' lang='grc'>,</span> 
     </span>
     <span class='ocr_line' id='line_1_12' title="bbox 283 1674 1414 1761; baseline -0.004 -20"><span class='ocrx_word' id='word_1_92' title='bbox 283 1675 417 1741; x_wconf 77' lang='lat' dir='ltr'>Plautus</span> <span class='ocrx_word' id='word_1_93' title='bbox 439 1674 489 1740; x_wconf 84' lang='lat' dir='ltr'>vel</span> <span class='ocrx_word' id='word_1_94' title='bbox 512 1675 687 1758; x_wconf 73' lang='lat' dir='ltr'>antiquitas</span> <span class='ocrx_word' id='word_1_95' title='bbox 709 1675 811 1738; x_wconf 82' lang='lat' dir='ltr'>letina</span> <span class='ocrx_word' id='word_1_96' title='bbox 833 1675 924 1738; x_wconf 86' lang='lat' dir='ltr'>novit</span> <span class='ocrx_word' id='word_1_97' title='bbox 944 1695 1040 1758; x_wconf 82' lang='lat' dir='ltr'>quem</span> <span class='ocrx_word' id='word_1_98' title='bbox 1061 1697 1150 1740; x_wconf 82' lang='lat' dir='ltr'>soene</span> <span class='ocrx_word' id='word_1_99' title='bbox 1171 1684 1271 1742; x_wconf 83' lang='lat' dir='ltr'>amice</span> <span class='ocrx_word' id='word_1_100' title='bbox 1291 1697 1346 1761; x_wconf 89' lang='lat' dir='ltr'>pro</span> <span class='ocrx_word' id='word_1_101' title='bbox 1359 1695 1414 1740; x_wconf 83' lang='lat' dir='ltr'>soe-</span> 
     </span>
     <span class='ocr_line' id='line_1_13' title="bbox 284 1783 1415 1868; baseline -0.005 -16"><span class='ocrx_word' id='word_1_102' title='bbox 284 1794 360 1852; x_wconf 84' lang='lat' dir='ltr'>oiter</span> <span class='ocrx_word' id='word_1_103' title='bbox 381 1793 519 1852; x_wconf 84' lang='lat' dir='ltr'>amiciter</span> <span class='ocrx_word' id='word_1_104' title='bbox 551 1788 584 1849; x_wconf 90' lang='lat' dir='ltr'>et</span> <span class='ocrx_word' id='word_1_105' title='bbox 603 1784 637 1849; x_wconf 91' lang='lat' dir='ltr'>id</span> <span class='ocrx_word' id='word_1_106' title='bbox 659 1806 761 1868; x_wconf 84' lang='lat' dir='ltr'>genus</span> <span class='ocrx_word' id='word_1_107' title='bbox 784 1783 863 1848; x_wconf 85' lang='lat' dir='ltr'>elie:</span> <span class='ocrx_word' id='word_1_108' title='bbox 895 1784 929 1847; x_wconf 92' lang='lat' dir='ltr'>id</span> <span class='ocrx_word' id='word_1_109' title='bbox 950 1785 1035 1868; x_wconf 89' lang='lat' dir='ltr'>quod</span> <span class='ocrx_word' id='word_1_110' title='bbox 1063 1785 1140 1851; x_wconf 83' lang='lat' dir='ltr'>item</span> <span class='ocrx_word' id='word_1_111' title='bbox 1166 1786 1276 1851; x_wconf 82' lang='lat' dir='ltr'>velere</span> <span class='ocrx_word' id='word_1_112' title='bbox 1297 1787 1328 1850; x_wconf 91' lang='lat' dir='ltr'>in</span> <span class='ocrx_word' id='word_1_113' title='bbox 1352 1805 1415 1848; x_wconf 85' lang='lat' dir='ltr'>con·</span> 
     </span>
     <span class='ocr_line' id='line_1_14' title="bbox 283 1895 675 1980; baseline -0.005 -20"><span class='ocrx_word' id='word_1_114' title='bbox 283 1897 417 1960; x_wconf 80' lang='lat' dir='ltr'>tranem</span> <span class='ocrx_word' id='word_1_115' title='bbox 438 1899 564 1980; x_wconf 82' lang='lat' dir='ltr'>partein</span> <span class='ocrx_word' id='word_1_116' title='bbox 586 1895 675 1959; x_wconf 88' lang='lat' dir='ltr'>solet.</span> 
     </span>
    </p>

    <p class='ocr_par' dir='ltr' id='par_1_5' title="bbox 283 2003 1481 2194">
     <span class='ocr_line' id='line_1_15' title="bbox 371 2003 1481 2087; baseline -0.004 -17"><span class='ocrx_word' id='word_1_117' title='bbox 371 2007 411 2071; x_wconf 88' lang='lat'>14</span> <span class='ocrx_word' id='word_1_118' title='bbox 432 2013 703 2070; x_wconf 80' lang='lat' dir='ltr'>altrovorsum:</span> <span class='ocrx_word' id='word_1_119' title='bbox 727 2003 863 2070; x_wconf 81' lang='lat' dir='ltr'>Oasinae</span> <span class='ocrx_word' id='word_1_120' title='bbox 878 2003 937 2087; x_wconf 88' lang='lat'>111,</span> <span class='ocrx_word' id='word_1_121' title='bbox 953 2006 985 2087; x_wconf 94' lang='grc'>2,</span> <span class='ocrx_word' id='word_1_122' title='bbox 1002 2005 1044 2068; x_wconf 86' lang='grc'>25</span> <span class='ocrx_word' id='word_1_123' title='bbox 1072 2009 1183 2070; x_wconf 77' lang='lat' dir='ltr'>Verum</span> <span class='ocrx_word' id='word_1_124' title='bbox 1207 2020 1310 2074; x_wconf 83' lang='lat' dir='ltr'>eutem</span> <span class='ocrx_word' id='word_1_125' title='bbox 1333 2011 1415 2068; x_wconf 82' lang='lat' dir='ltr'>nitro</span> <span class='ocrx_word' id='word_1_126' title='bbox 1480 2031 1481 2036; x_wconf 44' lang='lat'>¹</span> 
     </span>
     <span class='ocr_line' id='line_1_16' title="bbox 283 2117 992 2194; baseline -0.007 -13"><span class='ocrx_word' id='word_1_127' title='bbox 283 2119 401 2181; x_wconf 64' lang='lat' dir='ltr'>eornm</span> <span class='ocrx_word' id='word_1_128' title='bbox 422 2137 489 2181; x_wconf 77' lang='lat' dir='ltr'>oron</span> <span class='ocrx_word' id='word_1_129' title='bbox 511 2137 578 2179; x_wconf 85' lang='lat' dir='ltr'>eom</span> <span class='ocrx_word' id='word_1_130' title='bbox 600 2117 714 2180; x_wconf 73' lang='lat' dir='ltr'>meeum</span> <span class='ocrx_word' id='word_1_131' title='bbox 738 2117 887 2186; x_wconf 71' lang='lat' dir='ltr'>rationem</span> <span class='ocrx_word' id='word_1_132' title='bbox 907 2126 992 2194; x_wconf 86' lang='lat' dir='ltr'>puto.</span> 
     </span>
    </p>

    <p class='ocr_par' dir='ltr' id='par_1_6' title="bbox 278 2223 1481 3965">
     <span class='ocr_line' id='line_1_17' title="bbox 370 2223 1481 2308; baseline -0.004 -18"><span class='ocrx_word' id='word_1_133' title='bbox 370 2227 410 2292; x_wconf 81' lang='lat'>15</span> <span class='ocrx_word' id='word_1_134' title='bbox 429 2225 639 2306; x_wconf 65' lang='lat' dir='ltr'>protinam:</span> <span class='ocrx_word' id='word_1_135' title='bbox 662 2224 804 2288; x_wconf 88' lang='lat' dir='ltr'>eiusdem</span> <span class='ocrx_word' id='word_1_136' title='bbox 828 2223 871 2307; x_wconf 87' lang='lat' dir='ltr'>V,</span> <span class='ocrx_word' id='word_1_137' title='bbox 895 2225 926 2308; x_wconf 86' lang='lat'>3,</span> <span class='ocrx_word' id='word_1_138' title='bbox 952 2224 1002 2308; x_wconf 83' lang='lat'>16,</span> <span class='ocrx_word' id='word_1_139' title='bbox 1026 2247 1105 2308; x_wconf 87' lang='lat' dir='ltr'>quos</span> <span class='ocrx_word' id='word_1_140' title='bbox 1127 2247 1239 2291; x_wconf 86' lang='lat' dir='ltr'>versus</span> <span class='ocrx_word' id='word_1_141' title='bbox 1264 2224 1419 2290; x_wconf 83' lang='lat' dir='ltr'>huudseio</span> <span class='ocrx_word' id='word_1_142' title='bbox 1480 2245 1481 2272; x_wconf 60' lang='lat' dir='ltr'>t</span> 
     </span>
     <span class='ocr_line' id='line_1_18' title="bbox 284 2334 1481 2426; baseline -0.003 -26"><span class='ocrx_word' id='word_1_143' title='bbox 284 2358 327 2400; x_wconf 86' lang='lat' dir='ltr'>en</span> <span class='ocrx_word' id='word_1_144' title='bbox 347 2335 558 2421; x_wconf 80' lang='lat' dir='ltr'>probabiliter</span> <span class='ocrx_word' id='word_1_145' title='bbox 573 2334 619 2399; x_wconf 84' lang='lat' dir='ltr'>sie</span> <span class='ocrx_word' id='word_1_146' title='bbox 640 2335 808 2398; x_wconf 82' lang='lat' dir='ltr'>restitues:</span> <span class='ocrx_word' id='word_1_147' title='bbox 836 2338 909 2412; x_wconf 74' lang='lat' dir='ltr'>Turn</span> <span class='ocrx_word' id='word_1_148' title='bbox 932 2337 988 2399; x_wconf 81' lang='lat' dir='ltr'>etei</span> <span class='ocrx_word' id='word_1_149' title='bbox 1005 2342 1117 2400; x_wconf 83' lang='lat' dir='ltr'>notum</span> <span class='ocrx_word' id='word_1_150' title='bbox 1139 2345 1249 2402; x_wconf 67' lang='lat' dir='ltr'>muni.</span> <span class='ocrx_word' id='word_1_151' title='bbox 1275 2340 1336 2402; x_wconf 75' lang='lat' dir='ltr'>truc</span> <span class='ocrx_word' id='word_1_152' title='bbox 1351 2341 1420 2399; x_wconf 81' lang='lat' dir='ltr'>doto</span> <span class='ocrx_word' id='word_1_153' title='bbox 1480 2399 1481 2426; x_wconf 56' lang='lat'><strong><em>,</em></strong></span> 
     </span>
     <span class='ocr_line' id='line_1_19' title="bbox 278 2447 1422 2528; baseline -0.001 -20"><span class='ocrx_word' id='word_1_154' title='bbox 278 2448 434 2526; x_wconf 76' lang='lat' dir='ltr'>protmin</span> <span class='ocrx_word' id='word_1_155' title='bbox 466 2467 522 2510; x_wconf 87' lang='lat' dir='ltr'>me.</span> <span class='ocrx_word' id='word_1_156' title='bbox 557 2448 615 2508; x_wconf 74' lang='lat' dir='ltr'>On.</span> <span class='ocrx_word' id='word_1_157' title='bbox 648 2451 722 2509; x_wconf 79' lang='lat' dir='ltr'>nous</span> <span class='ocrx_word' id='word_1_158' title='bbox 753 2456 801 2509; x_wconf 86' lang='lat' dir='ltr'>sto</span> <span class='ocrx_word' id='word_1_159' title='bbox 834 2452 906 2510; x_wconf 87' lang='lat' dir='ltr'>itioo</span> <span class='ocrx_word' id='word_1_160' title='bbox 939 2447 1070 2510; x_wconf 73' lang='lat' dir='ltr'>emulor.</span> <span class='ocrx_word' id='word_1_161' title='bbox 1105 2449 1163 2511; x_wconf 83' lang='lat' dir='ltr'>ST.</span> <span class='ocrx_word' id='word_1_162' title='bbox 1187 2453 1286 2528; x_wconf 84' lang='lat' dir='ltr'>Perii,</span> <span class='ocrx_word' id='word_1_163' title='bbox 1319 2451 1422 2512; x_wconf 77' lang='lat' dir='ltr'>occidi:</span> 
     </span>
     <span class='ocr_line' id='line_1_20' title="bbox 283 2554 1481 2644; baseline -0.003 -26"><span class='ocrx_word' id='word_1_164' title='bbox 283 2559 417 2621; x_wconf 81' lang='lat' dir='ltr'>revocor.</span> <span class='ocrx_word' id='word_1_165' title='bbox 441 2557 531 2634; x_wconf 78' lang='lat' dir='ltr'>quast</span> <span class='ocrx_word' id='word_1_166' title='bbox 556 2575 615 2619; x_wconf 87' lang='lat' dir='ltr'>non</span> <span class='ocrx_word' id='word_1_167' title='bbox 638 2557 777 2633; x_wconf 78' lang='lat' dir='ltr'>audium,</span> <span class='ocrx_word' id='word_1_168' title='bbox 807 2561 869 2618; x_wconf 86' lang='lat' dir='ltr'>iorn</span> <span class='ocrx_word' id='word_1_169' title='bbox 890 2554 1026 2636; x_wconf 82' lang='lat' dir='ltr'>obibo.*)</span> <span class='ocrx_word' id='word_1_170' title='bbox 1069 2554 1193 2620; x_wconf 84' lang='lat' dir='ltr'>Eodem</span> <span class='ocrx_word' id='word_1_171' title='bbox 1215 2557 1329 2641; x_wconf 80' lang='lat' dir='ltr'><strong><em>glossa</em></strong></span> <span class='ocrx_word' id='word_1_172' title='bbox 1350 2555 1423 2620; x_wconf 86' lang='lat' dir='ltr'>redit</span> <span class='ocrx_word' id='word_1_173' title='bbox 1480 2635 1481 2644; x_wconf 29' lang='lat'><strong><em>,</em></strong></span> 
     </span>
     <span class='ocr_line' id='line_1_21' title="bbox 284 2649 1481 2751; baseline 0 -22"><span class='ocrx_word' id='word_1_174' title='bbox 284 2665 368 2747; x_wconf 66' lang='lat' dir='ltr'>ees</span> <span class='ocrx_word' id='word_1_175' title='bbox 391 2686 408 2729; x_wconf 79' lang='lat' dir='ltr'>e</span> <span class='ocrx_word' id='word_1_176' title='bbox 430 2663 631 2730; x_wconf 69' lang='lat' dir='ltr'>emenonis</span> <span class='ocrx_word' id='word_1_177' title='bbox 653 2663 696 2746; x_wconf 90' lang='lat'>11,</span> <span class='ocrx_word' id='word_1_178' title='bbox 720 2665 750 2746; x_wconf 88' lang='lat'>3,</span> <span class='ocrx_word' id='word_1_179' title='bbox 774 2665 817 2728; x_wconf 85' lang='lat'>84</span> <span class='ocrx_word' id='word_1_180' title='bbox 838 2665 930 2751; x_wconf 81' lang='lat'><strong>(363)</strong></span> <span class='ocrx_word' id='word_1_181' title='bbox 957 2667 1081 2730; x_wconf 72' lang='lat' dir='ltr'>&#39;onom</span> <span class='ocrx_word' id='word_1_182' title='bbox 1103 2672 1156 2731; x_wconf 71' lang='lat' dir='ltr'>ou</span> <span class='ocrx_word' id='word_1_183' title='bbox 1174 2671 1331 2748; x_wconf 62' lang='lat' dir='ltr'>conspetu</span> <span class='ocrx_word' id='word_1_184' title='bbox 1351 2669 1424 2749; x_wconf 70' lang='lat' dir='ltr'>(pro</span> <span class='ocrx_word' id='word_1_185' title='bbox 1480 2649 1481 2722; x_wconf 81' lang='grc' dir='ltr'>ἰ</span> 
     </span>
     <span class='ocr_line' id='line_1_22' title="bbox 282 2774 1423 2859; baseline -0.001 -18"><span class='ocrx_word' id='word_1_186' title='bbox 282 2783 375 2856; x_wconf 75' lang='lat' dir='ltr'>speri</span> <span class='ocrx_word' id='word_1_187' title='bbox 394 2774 544 2858; x_wconf 85' lang='lat' dir='ltr'>Nonius),</span> <span class='ocrx_word' id='word_1_188' title='bbox 568 2780 681 2840; x_wconf 79' lang='lat' dir='ltr'>exinde</span> <span class='ocrx_word' id='word_1_189' title='bbox 702 2795 749 2837; x_wconf 87' lang='lat' dir='ltr'>me</span> <span class='ocrx_word' id='word_1_190' title='bbox 770 2776 840 2840; x_wconf 82' lang='lat' dir='ltr'>ilico</span> <span class='ocrx_word' id='word_1_191' title='bbox 856 2779 1015 2854; x_wconf 67' lang='lat' dir='ltr'>protinam</span> <span class='ocrx_word' id='word_1_192' title='bbox 1036 2781 1122 2859; x_wconf 78' lang='lat' dir='ltr'>decti3</span> <span class='ocrx_word' id='word_1_193' title='bbox 1160 2779 1180 2858; x_wconf 66' lang='grc' dir='ltr'><strong>ἓ</strong></span> <span class='ocrx_word' id='word_1_194' title='bbox 1203 2777 1248 2842; x_wconf 88' lang='lat'>88</span> <span class='ocrx_word' id='word_1_195' title='bbox 1273 2801 1291 2842; x_wconf 92' lang='lat' dir='ltr'>e</span> <span class='ocrx_word' id='word_1_196' title='bbox 1314 2777 1423 2842; x_wconf 86' lang='lat' dir='ltr'>Persoe</span> 
     </span>
     <span class='ocr_line' id='line_1_23' title="bbox 281 2885 1427 2970; baseline 0.003 -20"><span class='ocrx_word' id='word_1_197' title='bbox 281 2885 340 2968; x_wconf 88' lang='lat' dir='ltr'>IV,</span> <span class='ocrx_word' id='word_1_198' title='bbox 363 2887 394 2968; x_wconf 82' lang='lat'>5,</span> <span class='ocrx_word' id='word_1_199' title='bbox 417 2885 437 2949; x_wconf 91' lang='grc'>8</span> <span class='ocrx_word' id='word_1_200' title='bbox 461 2885 551 2970; x_wconf 82' lang='grc'>(680)</span> <span class='ocrx_word' id='word_1_201' title='bbox 574 2889 614 2948; x_wconf 80' lang='lat' dir='ltr'>At</span> <span class='ocrx_word' id='word_1_202' title='bbox 633 2887 675 2948; x_wconf 85' lang='lat' dir='ltr'>ne&#39;</span> <span class='ocrx_word' id='word_1_203' title='bbox 693 2905 761 2950; x_wconf 83' lang='lat' dir='ltr'>curn</span> <span class='ocrx_word' id='word_1_204' title='bbox 782 2897 909 2963; x_wconf 75' lang='lat' dir='ltr'>oroento</span> <span class='ocrx_word' id='word_1_205' title='bbox 920 2888 1077 2965; x_wconf 81' lang='lat' dir='ltr'>protinam</span> <span class='ocrx_word' id='word_1_206' title='bbox 1085 2890 1227 2965; x_wconf 71' lang='lat' dir='ltr'>pertitus</span> <span class='ocrx_word' id='word_1_207' title='bbox 1242 2895 1375 2954; x_wconf 78' lang='lat' dir='ltr'>domun.</span> <span class='ocrx_word' id='word_1_208' title='bbox 1390 2923 1427 2938; x_wconf 74' lang='lat'>-</span> 
     </span>
     <span class='ocr_line' id='line_1_24' title="bbox 283 2994 1428 3079; baseline 0 -19"><span class='ocrx_word' id='word_1_209' title='bbox 283 2996 429 3060; x_wconf 84' lang='lat' dir='ltr'>Alterum</span> <span class='ocrx_word' id='word_1_210' title='bbox 449 3003 587 3075; x_wconf 79' lang='lat' dir='ltr'>protinus</span> <span class='ocrx_word' id='word_1_211' title='bbox 607 2994 744 3058; x_wconf 83' lang='lat' dir='ltr'>fonnem</span> <span class='ocrx_word' id='word_1_212' title='bbox 765 3016 839 3059; x_wconf 82' lang='lat' dir='ltr'>raro</span> <span class='ocrx_word' id='word_1_213' title='bbox 861 2995 1056 3078; x_wconf 78' lang='lat' dir='ltr'>antiquiores</span> <span class='ocrx_word' id='word_1_214' title='bbox 1078 2999 1193 3079; x_wconf 79' lang='lat' dir='ltr'>poetae</span> <span class='ocrx_word' id='word_1_215' title='bbox 1216 2998 1428 3077; x_wconf 83' lang='lat' dir='ltr'>admiserunt,</span> 
     </span>
     <span class='ocr_line' id='line_1_25' title="bbox 283 3105 1430 3192; baseline -0.001 -22"><span class='ocrx_word' id='word_1_216' title='bbox 283 3127 344 3170; x_wconf 86' lang='lat' dir='ltr'>nee</span> <span class='ocrx_word' id='word_1_217' title='bbox 370 3106 435 3170; x_wconf 90' lang='lat' dir='ltr'>nisi</span> <span class='ocrx_word' id='word_1_218' title='bbox 462 3106 518 3171; x_wconf 90' lang='lat' dir='ltr'>ubi</span> <span class='ocrx_word' id='word_1_219' title='bbox 539 3105 706 3190; x_wconf 81' lang='lat' dir='ltr'>trisyllnbo</span> <span class='ocrx_word' id='word_1_220' title='bbox 728 3105 882 3170; x_wconf 79' lang='lat' dir='ltr'>vocabulo</span> <span class='ocrx_word' id='word_1_221' title='bbox 904 3126 984 3189; x_wconf 86' lang='lat' dir='ltr'>opus</span> <span class='ocrx_word' id='word_1_222' title='bbox 1006 3108 1077 3170; x_wconf 84' lang='lat' dir='ltr'>eret</span> <span class='ocrx_word' id='word_1_223' title='bbox 1098 3109 1174 3171; x_wconf 85' lang='lat' dir='ltr'>ante</span> <span class='ocrx_word' id='word_1_224' title='bbox 1196 3109 1365 3192; x_wconf 84' lang='lat' dir='ltr'>vocalem,</span> <span class='ocrx_word' id='word_1_225' title='bbox 1400 3111 1430 3170; x_wconf 88' lang='lat' dir='ltr'>ot</span> 
     </span>
     <span class='ocr_line' id='line_1_26' title="bbox 284 3213 1432 3300; baseline 0 -20"><span class='ocrx_word' id='word_1_226' title='bbox 284 3213 377 3298; x_wconf 83' lang='lat' dir='ltr'>Cept.</span> <span class='ocrx_word' id='word_1_227' title='bbox 400 3215 459 3298; x_wconf 89' lang='grc' dir='ltr'>ΠΙ,</span> <span class='ocrx_word' id='word_1_228' title='bbox 493 3216 524 3298; x_wconf 89' lang='grc'>2,</span> <span class='ocrx_word' id='word_1_229' title='bbox 558 3215 690 3300; x_wconf 87' lang='lat'>9(510)</span> <span class='ocrx_word' id='word_1_230' title='bbox 725 3221 771 3279; x_wconf 87' lang='lat' dir='ltr'>Eo</span> <span class='ocrx_word' id='word_1_231' title='bbox 800 3219 940 3295; x_wconf 79' lang='lat' dir='ltr'>protinus</span> <span class='ocrx_word' id='word_1_232' title='bbox 961 3222 1004 3280; x_wconf 77' lang='lat' dir='ltr'>oot</span> <span class='ocrx_word' id='word_1_233' title='bbox 1020 3219 1174 3295; x_wconf 81' lang='lat' dir='ltr'>fratre&#39;m,</span> <span class='ocrx_word' id='word_1_234' title='bbox 1209 3220 1276 3283; x_wconf 82' lang='lat' dir='ltr'>mei</span> <span class='ocrx_word' id='word_1_235' title='bbox 1298 3225 1351 3284; x_wconf 83' lang='lat' dir='ltr'>ubi</span> <span class='ocrx_word' id='word_1_236' title='bbox 1369 3219 1432 3284; x_wconf 75' lang='lat' dir='ltr'>saint</span> 
     </span>
     <span class='ocr_line' id='line_1_27' title="bbox 283 3323 1433 3411; baseline 0.001 -24"><span class='ocrx_word' id='word_1_237' title='bbox 283 3329 340 3388; x_wconf 86' lang='lat' dir='ltr'>otii</span> <span class='ocrx_word' id='word_1_238' title='bbox 368 3327 492 3406; x_wconf 84' lang='lat' dir='ltr'>captiui,</span> <span class='ocrx_word' id='word_1_239' title='bbox 527 3328 560 3389; x_wconf 86' lang='lat' dir='ltr'>et</span> <span class='ocrx_word' id='word_1_240' title='bbox 579 3324 695 3390; x_wconf 87' lang='lat' dir='ltr'>Pseud.</span> <span class='ocrx_word' id='word_1_241' title='bbox 730 3323 775 3406; x_wconf 90' lang='lat' dir='ltr'>H,</span> <span class='ocrx_word' id='word_1_242' title='bbox 812 3325 840 3408; x_wconf 88' lang='lat'>1,</span> <span class='ocrx_word' id='word_1_243' title='bbox 877 3325 915 3390; x_wconf 89' lang='grc'>13</span> <span class='ocrx_word' id='word_1_244' title='bbox 939 3325 1029 3411; x_wconf 82' lang='grc'>(587)</span> <span class='ocrx_word' id='word_1_245' title='bbox 1053 3329 1198 3392; x_wconf 79' lang='lat' dir='ltr'>Protinus</span> <span class='ocrx_word' id='word_1_246' title='bbox 1219 3329 1382 3394; x_wconf 72' lang='lat' dir='ltr'>udducorn</span> <span class='ocrx_word' id='word_1_247' title='bbox 1403 3331 1433 3390; x_wconf 88' lang='lat' dir='ltr'>et</span> 
     </span>
     <span class='ocr_line' id='line_1_28' title="bbox 284 3433 1433 3520; baseline 0.008 -24"><span class='ocrx_word' id='word_1_248' title='bbox 284 3455 365 3517; x_wconf 80' lang='lat' dir='ltr'>quae</span> <span class='ocrx_word' id='word_1_249' title='bbox 386 3435 432 3499; x_wconf 92' lang='lat' dir='ltr'>ibi</span> <span class='ocrx_word' id='word_1_250' title='bbox 454 3438 607 3500; x_wconf 86' lang='lat' dir='ltr'>secuntur</span> <span class='ocrx_word' id='word_1_251' title='bbox 633 3457 692 3520; x_wconf 88' lang='lat' dir='ltr'>pro</span> <span class='ocrx_word' id='word_1_252' title='bbox 714 3433 800 3498; x_wconf 82' lang='lat' dir='ltr'>virili</span> <span class='ocrx_word' id='word_1_253' title='bbox 821 3438 913 3518; x_wconf 87' lang='lat' dir='ltr'>porte</span> <span class='ocrx_word' id='word_1_254' title='bbox 936 3437 1168 3500; x_wconf 80' lang='lat' dir='ltr'>reconcinneta</span> <span class='ocrx_word' id='word_1_255' title='bbox 1191 3459 1211 3500; x_wconf 83' lang='lat' dir='ltr'><strong>a</strong></span> <span class='ocrx_word' id='word_1_256' title='bbox 1232 3459 1291 3503; x_wconf 79' lang='lat' dir='ltr'>ine</span> <span class='ocrx_word' id='word_1_257' title='bbox 1315 3439 1352 3504; x_wconf 94' lang='lat' dir='ltr'>in</span> <span class='ocrx_word' id='word_1_258' title='bbox 1374 3439 1433 3504; x_wconf 91' lang='lat' dir='ltr'>edi·</span> 
     </span>
     <span class='ocr_line' id='line_1_29' title="bbox 282 3543 1435 3636; baseline 0.003 -28"><span class='ocrx_word' id='word_1_259' title='bbox 282 3544 372 3608; x_wconf 84' lang='lat' dir='ltr'>tione</span> <span class='ocrx_word' id='word_1_260' title='bbox 394 3545 461 3609; x_wconf 92' lang='lat' dir='ltr'>eius</span> <span class='ocrx_word' id='word_1_261' title='bbox 482 3543 620 3609; x_wconf 85' lang='lat' dir='ltr'>fabulae.</span> <span class='ocrx_word' id='word_1_262' title='bbox 666 3545 735 3620; x_wconf 81' lang='lat' dir='ltr'>Quo</span> <span class='ocrx_word' id='word_1_263' title='bbox 757 3545 882 3609; x_wconf 79' lang='lat' dir='ltr'>aceedit</span> <span class='ocrx_word' id='word_1_264' title='bbox 903 3545 1088 3610; x_wconf 81' lang='lat' dir='ltr'>coniectura</span> <span class='ocrx_word' id='word_1_265' title='bbox 1111 3549 1224 3611; x_wconf 80' lang='lat' dir='ltr'>nostre</span> <span class='ocrx_word' id='word_1_266' title='bbox 1256 3551 1435 3636; x_wconf 85' lang='lat' dir='ltr'>reposit-un</span> 
     </span>
     <span class='ocr_line' id='line_1_30' title="bbox 285 3653 1435 3740; baseline 0.004 -23"><span class='ocrx_word' id='word_1_267' title='bbox 285 3653 503 3722; x_wconf 81' lang='lat' dir='ltr'>Mostellariee</span> <span class='ocrx_word' id='word_1_268' title='bbox 523 3653 556 3737; x_wconf 94' lang='grc' dir='ltr'>Ι,</span> <span class='ocrx_word' id='word_1_269' title='bbox 589 3655 625 3738; x_wconf 95' lang='grc'>2,</span> <span class='ocrx_word' id='word_1_270' title='bbox 660 3655 987 3740; x_wconf 65' lang='lat' dir='ltr'>nonannoeane</span> <span class='ocrx_word' id='word_1_271' title='bbox 1008 3661 1122 3721; x_wconf 79' lang='lat' dir='ltr'>obeunt</span> <span class='ocrx_word' id='word_1_272' title='bbox 1143 3661 1306 3735; x_wconf 81' lang='lat' dir='ltr'>tisubrr&#39;s.</span> <span class='ocrx_word' id='word_1_273' title='bbox 1353 3659 1435 3724; x_wconf 83' lang='lat' dir='ltr'>Nem</span> 
     </span>
     <span class='ocr_line' id='line_1_31' title="bbox 284 3763 1435 3851; baseline 0.004 -23"><span class='ocrx_word' id='word_1_274' title='bbox 284 3763 398 3828; x_wconf 89' lang='lat' dir='ltr'>Militis</span> <span class='ocrx_word' id='word_1_275' title='bbox 430 3763 488 3848; x_wconf 69' lang='lat' dir='ltr'>Iu,</span> <span class='ocrx_word' id='word_1_276' title='bbox 520 3767 552 3847; x_wconf 86' lang='grc'>4,</span> <span class='ocrx_word' id='word_1_277' title='bbox 585 3765 626 3829; x_wconf 85' lang='grc'>56</span> <span class='ocrx_word' id='word_1_278' title='bbox 660 3765 771 3851; x_wconf 88' lang='grc'>(1193)</span> <span class='ocrx_word' id='word_1_279' title='bbox 804 3769 949 3831; x_wconf 81' lang='lat' dir='ltr'>Prorsurn</span> <span class='ocrx_word' id='word_1_280' title='bbox 982 3771 1115 3830; x_wconf 73' lang='lat' dir='ltr'>Attienus</span> <span class='ocrx_word' id='word_1_281' title='bbox 1144 3770 1314 3846; x_wconf 80' lang='lat' dir='ltr'>protinam</span> <span class='ocrx_word' id='word_1_282' title='bbox 1350 3775 1435 3836; x_wconf 80' lang='lat' dir='ltr'>obibo</span> 
     </span>
     <span class='ocr_line' id='line_1_32' title="bbox 283 3874 1435 3965; baseline 0.004 -25"><span class='ocrx_word' id='word_1_283' title='bbox 283 3878 381 3940; x_wconf 79' lang='lat' dir='ltr'>te&#39;crnn</span> <span class='ocrx_word' id='word_1_284' title='bbox 413 3898 433 3938; x_wconf 82' lang='lat' dir='ltr'>a</span> <span class='ocrx_word' id='word_1_285' title='bbox 454 3874 593 3938; x_wconf 85' lang='lat' dir='ltr'>librariis</span> <span class='ocrx_word' id='word_1_286' title='bbox 616 3875 743 3939; x_wconf 90' lang='lat' dir='ltr'>demum</span> <span class='ocrx_word' id='word_1_287' title='bbox 765 3896 842 3940; x_wconf 81' lang='lat' dir='ltr'>suae</span> <span class='ocrx_word' id='word_1_288' title='bbox 865 3876 981 3939; x_wconf 80' lang='lat' dir='ltr'>aetatis</span> <span class='ocrx_word' id='word_1_289' title='bbox 1005 3876 1277 3942; x_wconf 83' lang='lat' dir='ltr'>consuetudinem</span> <span class='ocrx_word' id='word_1_290' title='bbox 1303 3903 1435 3965; x_wconf 85' lang='lat' dir='ltr'>sequen·</span> 
     </span>
    </p>
   </div>
   <div class='ocr_carea' id='block_1_3' title="bbox 281 4061 1437 4502">
    <p class='ocr_par' dir='ltr' id='par_1_7' title="bbox 281 4061 1437 4502">
     <span class='ocr_line' id='line_1_33' title="bbox 350 4061 1435 4132; baseline 0.007 -16"><span class='ocrx_word' id='word_1_291' title='bbox 350 4063 376 4130; x_wconf 68' lang='lat'>²)</span> <span class='ocrx_word' id='word_1_292' title='bbox 405 4061 504 4118; x_wconf 86' lang='lat' dir='ltr'>Priore</span> <span class='ocrx_word' id='word_1_293' title='bbox 528 4077 609 4116; x_wconf 82' lang='lat' dir='ltr'>versu</span> <span class='ocrx_word' id='word_1_294' title='bbox 630 4063 698 4119; x_wconf 78' lang='lat' dir='ltr'>Tem</span> <span class='ocrx_word' id='word_1_295' title='bbox 716 4066 771 4119; x_wconf 82' lang='lat' dir='ltr'>etsi</span> <span class='ocrx_word' id='word_1_296' title='bbox 787 4061 885 4132; x_wconf 82' lang='lat' dir='ltr'>scripsi</span> <span class='ocrx_word' id='word_1_297' title='bbox 901 4079 953 4132; x_wconf 91' lang='lat' dir='ltr'>pro</span> <span class='ocrx_word' id='word_1_298' title='bbox 974 4063 1080 4120; x_wconf 85' lang='lat' dir='ltr'>Tamen</span> <span class='ocrx_word' id='word_1_299' title='bbox 1099 4067 1154 4120; x_wconf 78' lang='lat' dir='ltr'>etsi</span> <span class='ocrx_word' id='word_1_300' title='bbox 1170 4064 1200 4117; x_wconf 90' lang='lat' dir='ltr'>et</span> <span class='ocrx_word' id='word_1_301' title='bbox 1218 4071 1380 4132; x_wconf 78' lang='lat' dir='ltr'>protinam</span> <span class='ocrx_word' id='word_1_302' title='bbox 1398 4083 1435 4122; x_wconf 87' lang='lat' dir='ltr'>nt</span> 
     </span>
     <span class='ocr_line' id='line_1_34' title="bbox 281 4153 1435 4232; baseline 0.009 -22"><span class='ocrx_word' id='word_1_303' title='bbox 281 4170 334 4226; x_wconf 86' lang='lat' dir='ltr'>pro</span> <span class='ocrx_word' id='word_1_304' title='bbox 349 4161 495 4225; x_wconf 74' lang='lat' dir='ltr'>protinam</span> <span class='ocrx_word' id='word_1_305' title='bbox 513 4163 540 4212; x_wconf 85' lang='lat' dir='ltr'>et</span> <span class='ocrx_word' id='word_1_306' title='bbox 555 4157 680 4226; x_wconf 68' lang='lat' dir='ltr'>suniam,</span> <span class='ocrx_word' id='word_1_307' title='bbox 705 4171 776 4221; x_wconf 78' lang='lat' dir='ltr'>quoe</span> <span class='ocrx_word' id='word_1_308' title='bbox 793 4172 849 4208; x_wconf 89' lang='lat' dir='ltr'>non</span> <span class='ocrx_word' id='word_1_309' title='bbox 866 4153 963 4208; x_wconf 89' lang='lat' dir='ltr'>dubito</span> <span class='ocrx_word' id='word_1_310' title='bbox 982 4171 1015 4210; x_wconf 84' lang='lat' dir='ltr'>ex</span> <span class='ocrx_word' id='word_1_311' title='bbox 1032 4153 1273 4224; x_wconf 75' lang='lat' dir='ltr'>interpretatione</span> <span class='ocrx_word' id='word_1_312' title='bbox 1298 4161 1435 4232; x_wconf 76' lang='lat' dir='ltr'>repetere,</span> 
     </span>
     <span class='ocr_line' id='line_1_35' title="bbox 283 4246 1435 4324; baseline 0.005 -24"><span class='ocrx_word' id='word_1_313' title='bbox 283 4264 452 4316; x_wconf 81' lang='lat' dir='ltr'>quamquem</span> <span class='ocrx_word' id='word_1_314' title='bbox 475 4265 509 4303; x_wconf 81' lang='lat' dir='ltr'>ea</span> <span class='ocrx_word' id='word_1_315' title='bbox 530 4246 587 4324; x_wconf 77' lang='lat' dir='ltr'>iem</span> <span class='ocrx_word' id='word_1_316' title='bbox 609 4247 638 4300; x_wconf 92' lang='lat' dir='ltr'>in</span> <span class='ocrx_word' id='word_1_317' title='bbox 656 4246 844 4301; x_wconf 60' lang='lat' dir='ltr'>umbrosiane</span> <span class='ocrx_word' id='word_1_318' title='bbox 866 4249 989 4317; x_wconf 80' lang='lat' dir='ltr'>recepto.</span> <span class='ocrx_word' id='word_1_319' title='bbox 1025 4256 1070 4305; x_wconf 81' lang='lat' dir='ltr'>sto</span> <span class='ocrx_word' id='word_1_320' title='bbox 1093 4250 1158 4306; x_wconf 77' lang='lat' dir='ltr'>ilico</span> <span class='ocrx_word' id='word_1_321' title='bbox 1180 4247 1263 4304; x_wconf 87' lang='lat' dir='ltr'>idem</span> <span class='ocrx_word' id='word_1_322' title='bbox 1291 4250 1435 4308; x_wconf 64' lang='lat' dir='ltr'>Kmbrosi-</span> 
     </span>
     <span class='ocr_line' id='line_1_36' title="bbox 283 4337 1437 4411; baseline 0.01 -19"><span class='ocrx_word' id='word_1_323' title='bbox 283 4355 352 4393; x_wconf 80' lang='lat' dir='ltr'>enus</span> <span class='ocrx_word' id='word_1_324' title='bbox 368 4341 500 4410; x_wconf 68' lang='lat' dir='ltr'>praebuit</span> <span class='ocrx_word' id='word_1_325' title='bbox 520 4355 572 4411; x_wconf 88' lang='lat' dir='ltr'>pro</span> <span class='ocrx_word' id='word_1_326' title='bbox 590 4341 715 4399; x_wconf 81' lang='lat' dir='ltr'>Stolino:</span> <span class='ocrx_word' id='word_1_327' title='bbox 746 4339 793 4393; x_wconf 91' lang='lat' dir='ltr'>ubi</span> <span class='ocrx_word' id='word_1_328' title='bbox 816 4343 926 4398; x_wconf 83' lang='lat' dir='ltr'>stotioio</span> <span class='ocrx_word' id='word_1_329' title='bbox 943 4337 1039 4394; x_wconf 82' lang='lat' dir='ltr'>Vetus.</span> <span class='ocrx_word' id='word_1_330' title='bbox 1073 4339 1161 4395; x_wconf 81' lang='lat' dir='ltr'>Verso</span> <span class='ocrx_word' id='word_1_331' title='bbox 1184 4341 1283 4399; x_wconf 82' lang='lat' dir='ltr'>eitero</span> <span class='ocrx_word' id='word_1_332' title='bbox 1309 4347 1341 4402; x_wconf 88' lang='lat' dir='ltr'>et</span> <span class='ocrx_word' id='word_1_333' title='bbox 1358 4347 1437 4406; x_wconf 81' lang='lat' dir='ltr'>Perii</span> 
     </span>
     <span class='ocr_line' id='line_1_37' title="bbox 283 4431 1128 4502; baseline 0.005 -18"><span class='ocrx_word' id='word_1_334' title='bbox 283 4433 313 4485; x_wconf 82' lang='lat' dir='ltr'>et</span> <span class='ocrx_word' id='word_1_335' title='bbox 330 4436 386 4489; x_wconf 89' lang='lat' dir='ltr'>inm</span> <span class='ocrx_word' id='word_1_336' title='bbox 402 4434 515 4501; x_wconf 84' lang='lat' dir='ltr'>proeter</span> <span class='ocrx_word' id='word_1_337' title='bbox 532 4433 620 4489; x_wconf 85' lang='lat' dir='ltr'>libros</span> <span class='ocrx_word' id='word_1_338' title='bbox 638 4431 734 4488; x_wconf 78' lang='lat' dir='ltr'>addidi</span> <span class='ocrx_word' id='word_1_339' title='bbox 752 4431 788 4485; x_wconf 87' lang='lat' dir='ltr'>nd</span> <span class='ocrx_word' id='word_1_340' title='bbox 805 4433 973 4502; x_wconf 85' lang='lat' dir='ltr'>supplendos</span> <span class='ocrx_word' id='word_1_341' title='bbox 991 4450 1128 4490; x_wconf 87' lang='lat' dir='ltr'>numeros.</span> 
     </span>
    </p>
   </div>
   <div class='ocr_carea' id='block_1_4' title="bbox 0 0 1506 5146">
    <p class='ocr_par' dir='ltr' id='par_1_8' title="bbox 0 0 1506 5146">
     <span class='ocr_line' id='line_1_38' title="bbox 0 0 1506 5146; baseline 0 0"><span class='ocrx_word' id='word_1_342' title='bbox 0 0 1506 5146; x_wconf 95' lang='lat' dir='ltr'> </span> 
     </span>
    </p>
   </div>
  </div>
 </body>
</html>
