2996 5148
690 1117 815 1228 VH.

143 1318 437 1423 Quaestionum
460 1317 806 1436 topogroptdoooun
825 1317 1073 1414 Pleutiuoouu
1092 1321 1214 1438 capito
1233 1321 1315 1416 duo.

656 1709 777 1806 Caput
803 1710 832 1785 Ι.

241 1867 307 1937 Dc
333 1869 446 1958 porta
473 1865 598 1938 Ketia
624 1885 725 1957 quae
751 1864 878 1939 fertum
904 1865 1013 1938 urbis
1039 1860 1237 1962 Romae.*)

250 2045 385 2111 Norunt
411 2046 465 2130 qui
498 2045 533 2110 in
563 2045 766 2130 explorandis
789 2045 886 2111 Vrbis
914 2047 1161 2131 antiquitatibus
1184 2070 1313 2134 operam
1332 2066 1363 2116 ΙΙΙ

146 2159 372 2224 collocarunt
393 2179 499 2240 suam,
529 2179 625 2241 quam
647 2157 690 2221 sit
712 2179 778 2221 non
800 2179 865 2222 una
888 2157 927 2222 de
950 2179 1062 2222 caussa
1084 2158 1215 2224 difficile
1237 2182 1311 2244 qua

145 2268 307 2334 rumdam
341 2270 544 2352 portarurn
573 2267 622 2332 vel
650 2267 783 2332 nomina
811 2267 959 2351 expedire
986 2268 1037 2332 vel
1065 2268 1145 2333 situs
1167 2269 1310 2335 definire.

146 2383 282 2462 ltaque
313 2399 384 2441 cum
413 2377 451 2441 de
483 2377 554 2442 aliis
581 2378 718 2442 multum
747 2377 781 2442 in
810 2378 952 2443 diversas
980 2381 1089 2463 partes
1112 2369 1311 2464 disputatum

143 2492 211 2570 sit,
240 2493 314 2552 tum
337 2491 427 2552 vetus
451 2491 500 2554 eat
522 2489 561 2552 de
582 2488 704 2553 Metia
723 2491 816 2572 porta
839 2489 1064 2553 controversia.
1102 2489 1199 2556 Cuius
1221 2511 1309 2555 men-

144 2603 300 2680 tionem,
324 2603 479 2682 quantum
501 2622 518 2664 a
539 2598 777 2663 Bartholomaei
793 2598 944 2662 Martiam
967 2597 1095 2664 silentio
1119 2599 1308 2686 colligimus,

143 2735 192 2776 ex
224 2709 435 2792 astygraphis
457 2709 578 2793 primus
602 2709 759 2793 Georgius
787 2708 953 2772 Fabricius
975 2712 1102 2774 nostras
1124 2710 1204 2775 fecit
1229 2710 1307 2774 ‘Ro-

141 2826 250 2885 mae’
289 2841 364 2883 suaa
397 2819 501 2902 capite
524 2823 636 2904 quarto
660 2817 829 2904 (Thesauri
852 2819 1024 2883 Graeciani
1047 2822 1071 2882 t.
1094 2819 1143 2884 ΙΠ
1175 2843 1207 2903 p.
1230 2819 1308 2902 471)

140 2951 300 3014 eumque
339 2932 466 2994 secutus
499 2927 685 3013 Onuphrius
717 2928 894 2993 Panvinius
931 2930 966 2994 in
998 2929 1177 3012 ‘Antiquae
1211 2927 1308 2992 Vrbis

140 3040 325 3125 imagine'
354 3062 384 3123 p.
405 3041 468 3104 316
491 3040 617 3123 Graec,
646 3043 779 3123 uterque
806 3039 914 3104 Plauti
936 3038 1120 3103 testimonio
1146 3059 1221 3102 usus
1244 3039 1307 3102 Ca·

139 3155 180 3216 si
193 3173 276 3215 nae
298 3149 342 3231 ΙΙ,
366 3149 386 3214 6
408 3149 512 3232 initio,
535 3150 591 3213 nbi
613 3149 660 3214 sie
682 3149 861 3214 sciscitanti
884 3149 1080 3214 Cleostratus

245 3293 335 3364 Fateo,
359 3287 494 3364 Chaline,
517 3289 672 3350 certiorem
695 3309 751 3364 me,
776 3289 849 3366 quid
871 3307 954 3348 meus
976 3307 1023 3346 me
1045 3287 1092 3348 vir
1113 3290 1186 3348 velit

138 3429 153 3510 t
157 3426 221 3490 ita
245 3422 334 3486 euim
357 3419 438 3484 haee
460 3420 641 3506 scribenda)
668 3419 748 3485 haec
769 3419 941 3504 respondet
962 3417 1131 3485 Chalinus:

244 3564 302 3623 Ille
325 3563 434 3638 edepol
456 3562 556 3621 videre
579 3562 733 3621 ardentem
756 3564 786 3620 tc
808 3562 892 3620 extra
913 3561 1033 3638 portam
1053 3561 1187 3622 Motiam,

135 3697 305 3773 Quocum
327 3693 394 3758 iam
417 3693 631 3776 antiquissimi
653 3692 845 3775 interpretes
868 3695 904 3756 ut
921 3691 1104 3758 Bernardua
1127 3692 1303 3760 Saracenos

133 3809 251 3892 (puto
274 3803 375 3870 etiam
396 3803 511 3866 Petrus
529 3801 637 3886 Valla)
661 3806 907 3887 composuerunt
933 3803 1122 3868 Pseuduli
1146 3823 1253 3866 versus
1275 3801 1301 3882 Ι,

132 3921 176 3998 3,
210 3917 254 3980 oc
280 3913 368 4001 [330]
393 3933 463 3996 sqq.

220 4069 248 4135 ³)
281 4062 473 4136 [Prooemium
504 4063 604 4118 Indicia
633 4064 790 4119 scholarum
824 4064 993 4119 aestivarum
1022 4061 1207 4116 Bonnensium
1237 4061 1302 4116 nuni

130 4157 402 4216 clomcccxau.
424 4187 457 4196 -
475 4156 516 4211 Da
533 4157 625 4212 medio
644 4157 783 4212 sublatam
801 4175 819 4212 a
836 4158 916 4213 nobis
930 4163 1043 4227 portum
1055 4155 1172 4212 Melicum
1190 4169 1302 4208 consen·

128 4261 265 4311 taneum
285 4255 351 4308 erat
368 4251 435 4305 ilico
448 4249 560 4305 missam
578 4250 637 4305 fieri
654 4250 682 4305 in
700 4251 732 4306 G.
744 4253 775 4306 A.
789 4249 931 4306 Beckeri
943 4245 1101 4303 Euchiridio
1120 4247 1206 4316 antiq.
1220 4247 1299 4303 Rom,

130 4350 200 4404 vol.
220 4350 233 4404 1
251 4367 281 4419 p.
305 4345 378 4414 178]
