2996 5148
487 409 619 459 nrnrrrs
643 411 820 459 atoarosr.
1162 397 1225 462 409

104 586 154 626 non
177 563 355 629 acrosticha
383 563 471 628 lacta
499 566 590 646 sunt,
622 564 878 628 constantissime
906 565 962 628 illa
989 587 1047 650 per
1069 565 1225 632 dedvbera

104 673 271 739 incedentia.
317 674 429 759 Itaque
451 687 480 738 ct
503 673 695 758 particuam
713 673 848 739 Bothius
863 695 987 759 quoque
1009 675 1086 738 olim
1106 675 1223 758 tenuit,

104 785 138 848 sie
156 785 254 849 versui
278 784 443 850 consulere
466 784 528 848 sibi
550 783 650 850 visus:

270 929 374 986 servits
397 947 485 987 suum
507 931 630 985 arcessit
652 927 757 984 herum
778 925 906 984 Athenis
929 929 960 985 dt
982 927 1071 1000 forat,

101 1078 147 1120 nec
166 1061 351 1122 accentuum
373 1058 533 1141 pravitate
555 1057 656 1122 vitata
677 1060 711 1121 et
732 1055 950 1140 inficetissime
973 1055 1147 1140 praemisso
1162 1079 1223 1122 ser·

100 1189 147 1231 cea.
172 1167 259 1242 Quod
274 1168 402 1254 quidem
417 1169 571 1250 sentiens,
596 1171 632 1232 ut
648 1167 781 1250 videtur,
805 1165 954 1230 licentius
977 1165 1074 1230 etiam
1097 1166 1224 1232 libidini

98 1299 183 1362 nuper
201 1278 352 1362 indulsit,
375 1301 417 1343 ne
440 1277 561 1342 monite
582 1277 710 1363 quidem
741 1278 859 1342 lectore
881 1277 927 1340 010
950 1277 1096 1342 omnibus
1118 1281 1222 1342 trans·

100 1389 194 1470 positis
215 1393 248 1454 ct
270 1389 445 1474 perversis:

268 1531 321 1592 sed
343 1533 431 1590 suurn
453 1530 558 1588 herum
580 1529 708 1590 Athenis
731 1533 834 1589 servus
862 1531 993 1602 arcessit,
1017 1529 1097 1588 forat
1118 1559 1169 1588 -.

97 1660 182 1726 110110
203 1665 311 1728 antem
333 1683 392 1725 nos
415 1664 446 1724 et
469 1659 645 1746 simplicius
668 1663 701 1724 et
720 1659 918 1744 probabilius
933 1657 980 1722 ita
1003 1657 1222 1743 redintegrare

96 1793 172 1855 posse
192 1773 301 1838 lerata
325 1772 468 1837 codicum
491 1771 588 1834 rerba
610 1770 702 1834 nobis
718 1770 870 1852 videmur,
894 1771 930 1832 ut
953 1769 1119 1850 revocatis,
1143 1791 1225 1853 quae

96 1884 276 1966 evanuerint,
301 1883 418 1947 litteris
441 1880 631 1966 quibusdam
654 1880 825 1965 pristinam
846 1879 1037 1961 scripturam
1064 1877 1149 1942 hanc
1170 1901 1225 1963 po·

96 2014 208 2058 namus:
233 1992 376 2083 [s]er[ons
391 1991 574 2080 (100010100οε
587 1991 670 2054 unde
687 1994 851 2074 tamquam
867 1987 1060 2053 necessitate
1076 1988 1223 2073 quadam,

94 2125 241 2188 perperam
276 2104 405 2188 quidem
439 2103 619 2167 coniunctis
651 2122 731 2186 quae
764 2100 850 2164 solae
876 2097 1021 2163 residuae
1044 2101 1152 2162 essent
1173 2099 1225 2162 lit·

93 2215 166 2292 teris,
187 2237 271 2280 00000
294 2215 396 2278 fieret.
441 2211 536 2277 Hane
559 2209 646 2275 enim
667 2210 815 2293 formam,
839 2232 905 2274 non
927 2215 1027 2292 lacrnr,
1052 2208 1128 2273 boni
1151 2207 1226 2273 libri

92 2321 216 2389 Plautini
239 2325 343 2389 solam
364 2326 494 2388 norunt.

163 2435 284 2511 Quodsi
306 2433 346 2499 ad
368 2433 528 2518 proximos
551 2453 659 2496 versus
684 2429 922 2516 progredimur,
946 2428 1005 2492 hoe
1028 2428 1155 2514 quidem
1176 2429 1222 2492 fa·
1242 2447 1267 2497 ll

92 2543 142 2606 eila
162 2547 331 2627 sentimus,
354 2566 420 2609 non
442 2547 510 2608 tam
533 2543 711 2626 exspectari
729 2540 818 2624 illud,
842 2543 878 2603 nt
900 2537 998 2603 clam
1020 2539 1226 2622 perfossus

93 2673 151 2718 esse
170 2659 277 2740 paries
302 2655 443 2737 dentur,
478 2675 540 2738 quo
562 2653 732 2717 convenire
755 2651 938 2715 amantibus
972 2649 1101 2732 liceret,
1131 2671 1226 2733 quam

89 2761 139 2826 hoc
158 2767 281 2849 potius,
314 2765 462 2830 utillum
496 2763 661 2828 audiamus
690 2762 889 2846 perforatum
911 2781 995 2841 esse,
1030 2780 1092 2842 quo
1127 2757 1225 2821 clam

88 2877 301 2941 convenire
324 2879 465 2960 possent.
500 2875 607 2958 Atque
629 2873 675 2936 ita
699 2893 771 2936 eum
787 2871 820 2934 in
836 2873 938 2935 altero
953 2870 1143 2953 argumento
1160 2870 1224 2930 est:

634 3013 767 3072 medium
788 3013 934 3088 ptrictem

277 3101 411 3178 perfodit
433 3119 546 3172 servus,
569 3100 750 3158 commeatus
775 3097 942 3157 clanculum

277 3207 340 3264 qua
363 3187 439 3246 idret
466 3187 634 3244 amantum:

82 3317 140 3380 tum
161 3319 196 3382 in
219 3319 295 3402 ipsa
318 3315 429 3380 fabula
451 3315 615 3398 11,1,65:

277 3458 312 3516 in
335 3457 368 3515 cd
392 3457 525 3516 conclavi
542 3489 554 3499 -
577 3459 633 3532 ego
656 3454 775 3529 perfodi
798 3445 989 3528 parietem,*)

277 3562 341 3618 qua
363 3542 544 3601 edmrucatus
567 3541 644 3599 clam
666 3542 744 3598 tssot
766 3538 835 3597 hine
857 3538 914 3596 huc
935 3536 1064 3595 mulieri.

79 3669 142 3736 Huc
163 3675 229 3738 iam
254 3671 383 3738 accedit
404 3672 489 3756 quod
510 3677 590 3736 clam
613 3669 771 3753 particula
793 3692 822 3731 v.
847 3669 866 3732 6
888 3668 924 3730 in
948 3666 1014 3730 solo
1030 3667 1147 3732 Vetere
1170 3691 1220 3730 es·

78 3783 145 3864 stat,
170 3784 202 3848 id
217 3787 333 3848 autem
348 3781 431 3866 quod
446 3781 560 3867 reliqui
576 3779 650 3844 libri
665 3779 832 3862 praebent,
857 3778 985 3842 nonita
1002 3779 1221 3861 comparatum

78 3895 130 3974 est,
152 3897 188 3957 ut
211 3917 251 3958 ex
276 3892 335 3957 illa
358 3892 459 3976 possit
480 3895 586 3955 ortum
610 3889 718 3954 videri.
764 3887 821 3952 Sat
844 3887 930 3952 eninr
951 3887 1094 3951 notabile
1117 3885 1222 3949 estin

867 3987 897 4012 1111

79 4024 246 4094 Decurtato
263 4050 326 4113 pro
341 4035 420 4092 clem
435 4027 498 4112 legi
515 3989 619 4116 001100,
637 4026 670 4089 in
686 4024 824 4089 Etrusco
844 4031 956 4089 sciam:
980 4025 1075 4104 atque
1091 4019 1220 4102 hine**)

81 4167 237 4178 *w
245 4171 274 4177 --ι

123 4251 159 4316 ἶ)
179 4249 279 4319 [immo
301 4245 360 4302 sine
378 4246 457 4301 hiatu
476 4251 505 4303 in
523 4249 556 4304 co'
575 4248 704 4303 conclavi
720 4264 770 4314 000
785 4245 933 4313 perfodiet
946 4239 1107 4310 periclem]

135 4343 174 4412 “l
200 4343 237 4413 [h.
260 4359 285 4395 0.
308 4357 342 4394 ex
360 4339 452 4394 Vrsini
470 4339 563 4409 potins
583 4339 685 4405 codiee,
704 4339 733 4392 in
752 4353 806 4406 quo
824 4337 892 4390 item
910 4333 1043 4403 seriptum
1062 4335 1105 4386 001
1123 4338 1220 4393 sciam,

79 4431 252 4506 Omninoque,
273 4433 410 4502 quoniam
422 4449 488 4488 casu
500 4433 603 4488 factum
621 4434 663 4488 cst
682 4434 712 4486 nt
729 4431 757 4486 in
775 4430 896 4486 editione
914 4427 1009 4482 Militis
1028 4425 1143 4498 gloriosi
1161 4426 1223 4500 ipsa
