3002 5146
422 343 644 393 ouossunrvu
667 343 883 392 ernvrruvu.
1162 328 1223 392 241

166 499 214 562 21.
231 497 274 560 22
296 504 440 561 ductim
456 499 489 560 et
504 493 714 562 ἀπνευστί
733 496 880 561 dubitare
896 495 961 560 noli
977 496 1055 580 quin
1071 497 1111 560 ud
1126 519 1224 560 unum

100 607 278 692 eundemque
302 607 407 670 locum
430 609 579 691 spectent
600 605 800 672 Curculionis
824 606 849 688 l,
873 606 904 689 2,
930 607 969 671 13
991 605 1099 690 (100);
1123 613 1225 686 ipsum

99 722 191 797 capeto
207 720 357 796 Trinacria,
382 720 544 795 inue'raera
558 724 588 782 in
611 719 661 780 aad
679 717 813 796 liquora's
828 727 903 794 tuos,
928 717 1009 792 Sibe,
1034 716 1155 780 ductim.
1172 723 1227 780 sed

99 833 147 891 iac
159 830 239 904 abiit,
256 832 317 892 linc
325 830 507 906 persequar.
542 825 606 890 Vbi
622 849 695 891 cum
708 825 908 892 Camerarius
931 824 1129 889 ‘adverbium
1151 825 1224 890 hoc’

98 937 188 1021 inquit
209 939 260 1002 ‘et
281 935 466 1000 Priscianus
489 939 658 1000 annotavit
673 939 705 1000 et
726 936 957 1019 interpretatus
978 933 1042 999 fuit
1063 935 1223 1020 (inventri,

99 1048 167 1131 quod
186 1045 381 1131 significavit
401 1045 436 1109 in
459 1046 598 1110 bibendo
620 1045 806 1110 aviditatem
828 1047 861 1109 11
882 1045 1036 1130 copiem',
1060 1045 1147 1108 haud
1169 1045 1224 1109 du-

99 1157 141 1220 bie
169 1157 271 1240 ipsum
304 1155 365 1219 hoc
387 1155 578 1240 glossarium
601 1156 634 1220 in
658 1159 766 1219 mente
788 1153 902 1219 habuit
923 1155 958 1219 in
980 1155 1086 1238 aliquo
1109 1154 1223 1218 Prisci·

99 1267 142 1331 uui
173 1266 278 1330 codice
307 1265 368 1328 sibi
391 1265 520 1330 lectum.
565 1263 649 1328 Num
672 1265 757 1348 apud
780 1265 980 1330 Prisciunum
1002 1263 1063 1328 XV
1085 1286 1116 1348 p.
1142 1263 1224 1328 1013

100 1377 145 1460 (15
164 1375 216 1458 Η.)
247 1375 328 1438 nihil
351 1377 457 1438 exstat
477 1377 604 1459 praeter
626 1374 721 1439 hoec:
759 1381 894 1440 adactu
917 1381 1073 1439 ‘ductim’.
1099 1379 1225 1438 11111111

100 1493 123 1549 in
144 1491 334 1550 Curculione:
373 1489 455 1548 ‘sina
477 1491 604 1561 ductim,
639 1491 695 1549 sed
725 1492 802 1549 naec
824 1491 916 1562 abiit,
950 1490 1010 1549 trac
1028 1489 1222 1564 persequar?

101 1596 166 1660 Cum
196 1596 257 1660 hoc
288 1595 390 1680 igitur
422 1601 535 1659 ductim
564 1593 713 1659 adverbio
735 1597 825 1659 vetus
847 1593 955 1658 Plauti
976 1593 1136 1677 interpres
1157 1615 1224 1658 non

99 1705 229 1770 indoctus
253 1705 432 1789 composuit
452 1725 604 1790 graecum
627 1705 777 1772 ἀπνευετὶ
798 1705 919 1786 πίνειν,
944 1704 1033 1767 cuius
1054 1703 1224 1768 locutionis

102 1815 230 1900 exempla
262 1814 298 1878 L.
322 1813 508 1879 Diodorfius
540 1815 673 1899 praebet
695 1814 849 1878 Thesauri
871 1812 898 1897 Ι,
928 1813 1002 1897 ep.
1029 1813 1120 1877 1351.
1164 1811 1224 1876 Ρ1-

99 1947 155 1989 rum
186 1925 271 1991 enim
304 1924 411 2008 sepiat
443 1947 494 1989 me
527 1924 649 1997 iudice,
684 1925 738 2008 qui
771 1923 926 1987 aPlauto
954 1922 1132 2006 profectmu
1156 1943 1224 1986 esse

100 2037 165 2113 Siue,
187 2033 361 2100 ἀπνευστί.
384 2042 439 2099 sea
458 2041 520 2099 ltuc
535 2037 610 2098 autu
624 2034 685 2098 sibi
707 2033 915 2119 persuadeat:
938 2031 1066 2116 quaudo
1081 2035 1114 2096 et
1127 2032 1224 2096 nimie
1292 2099 1299 2108 ,

98 2146 271 2228 exquisitum
303 2143 409 2228 ipsum
437 2144 517 2208 illud
539 2151 653 2210 ductim
675 2143 860 2207 adverbium
883 2145 932 2206 est
952 2163 1048 2226 quam
1070 2141 1153 2226 quod
1176 2143 1223 2205 in-

100 2256 214 2338 terpreti
234 2256 372 2338 tribues,
396 2258 429 2319 11
450 2254 611 2348 sordidam
633 2253 671 2318 de
693 2252 786 2336 plebe
808 2275 906 2317 anum
928 2252 979 2316 vix
999 2252 1090 2317 decet
1107 2272 1223 2338 graece

99 2363 180 2448 loqui.
202 2405 243 2414 -
276 2364 426 2431 Ceterum
448 2369 481 2430 et
502 2364 604 2430 Vetus
626 2363 734 2428 Plauti
757 2365 790 2426 11
810 2361 968 2427 Prisciani
990 2362 1134 2446 plerique
1156 2367 1222 2426 sino

98 2473 261 2559 prodidere,
297 2479 475 2540 correctum
508 2475 540 2539 id
563 2474 690 2560 quidem
722 2473 787 2537 ium
816 2495 836 2536 a
856 2472 981 2556 Densa:
1017 2473 1221 2536 morantem

99 2582 168 2648 idem
188 2585 241 2650 ille
262 2593 340 2674 {vaca
363 2591 437 2651 abiit
460 2608 479 2648 a
500 2606 542 2650 m.
566 2606 615 2669 pr.
662 2583 737 2648 Solu
758 2582 937 2646 masculina
959 2583 1062 2646 formu
1084 2589 1167 2646 sinus
1189 2584 1221 2645 11

97 2693 210 2760 Plautus
233 2717 308 2760 usus
331 2699 380 2760 est
401 2695 489 2778 alibi,
514 2693 607 2760 Cure.
630 2693 657 2778 I,
684 2696 712 2774 1,
736 2693 788 2775 82,
811 2691 895 2756 Rud.
918 2691 959 2776 V,
983 2691 1014 2776 2,
1038 2691 1080 2757 32
1095 2690 1219 2775 (1319),

97 2805 211 2870 1111111
232 2829 263 2870 v.
290 2806 331 2870 10
351 2828 384 2889 p.
411 2805 470 2870 138
493 2804 555 2869 R.:
577 2802 662 2868 unde
684 2802 723 2866 de
747 2802 927 2866 accusativo
948 2809 1047 2866 sinum
1070 2799 1162 2868 Oura.
1193 2801 1220 2884 l,

98 2914 120 2994 1,
141 2915 176 2979 75
197 2915 382 2980 existimare
403 2915 489 2979 licet.

164 3025 202 3090 23
224 3033 415 3092 auariter:
461 3023 662 3090 Curculiouis
694 3022 722 3105 Ι,
745 3023 782 3105 2,
805 3022 848 3087 35
870 3021 959 3106 (126)
983 3025 1049 3084 Hoc
1071 3021 1155 3098 uide,
1190 3031 1223 3085 ut

94 3139 247 3214 inparuitat
269 3137 393 3215 :inpura
414 3141 491 3200 baec
513 3155 628 3198 merum
649 3135 785 3198 audritcr
807 3136 963 3196 haustibus
983 3131 1099 3210 ple'nis:
1126 3149 1221 3213 quem

95 3265 203 3309 versum
226 3245 469 3330 anapaesticum
491 3243 656 3328 descripsi,
680 3263 872 3327 quamquam
894 3240 998 3305 fateor
1013 3239 1052 3304 de
1066 3244 1221 3305 haustibus

95 3353 142 3428 (11.
157 3354 247 3420 Ovid.
260 3355 349 3420 Fast.
370 3354 431 3439 ΙΠ,
447 3355 524 3440 224)
546 3375 613 3418 non
633 3373 745 3417 omnes
767 3351 846 3416 mihi
869 3351 1033 3438 scrupulos
1056 3351 1220 3434 exemptos

93 3483 162 3528 esse.
199 3469 349 3542 sanctim
379 3465 465 3530 enim
487 3464 651 3529 sciendum
675 3465 724 3527 est
745 3462 892 3526 omnibus
914 3461 1029 3527 litteris
1052 3461 1086 3526 in
1108 3483 1221 3525 rasura

93 3573 230 3658 seriptum
264 3575 416 3640 exhibere
438 3573 599 3639 Veterem.
623 3572 795 3637 Praeterea
832 3578 908 3638 1111
929 3571 1021 3656 posui
1042 3593 1101 3656 pro
1124 3579 1154 3636 in
1177 3593 1218 3650 se,

92 3703 160 3764 quae
180 3686 353 3770 interpreti
375 3685 482 3750 deberi
509 3685 662 3768 suspicor.

162 3793 202 3860 24
234 3801 615 3874 nudiusquartus:
652 3792 745 3858 Cure.
780 3792 810 3875 l,
846 3795 883 3876 3,
917 3794 960 3858 50
993 3793 1111 3876 (206)ε
1149 3790 1220 3854 vide

93 3900 125 3962 ad
149 3906 239 3983 517.
670 3967 673 3972 .

162 4013 202 4078 25
220 4023 437 4096 protinam:
460 4016 504 4080 ib.
528 4014 571 4099 Π,
595 4015 626 4097 3,
650 4015 693 4078 84
715 4011 820 4098 (336)
845 4013 915 4078 vide
938 4011 1020 4091 ud§
1048 4009 1095 4073 15.

162 4123 202 4188 26
220 4127 491 4202 frustillatim:
526 4123 618 4189 Ourc.
639 4122 696 4206 IV,
732 4124 770 4205 4,
805 4123 846 4186 20
878 4121 969 4204 (576)
1003 4125 1069 4184 Iam
1102 4119 1158 4196 e'uo
1191 4129 1221 4182 ta

93 4233 193 4302 facium
215 4245 248 4298 ut
269 4235 323 4298 iria
340 4237 493 4310 formicae
510 4235 704 4312 frustillatim
727 4234 882 4313 differant.

165 4342 202 4410 21
226 4348 437 4410 mordicus:
459 4343 579 4412 ibidem
601 4341 641 4424 V,
669 4346 696 4428 1,
721 4343 738 4406 t
763 4341 853 4428 (597)
878 4341 963 4416 Nino
984 4357 1030 4402 me
1051 4343 1162 4406 dicere.
1188 4340 1219 4406 rit
