2996 5148
464 373 598 422 nrnrrrs
622 371 799 424 anomoei.
1137 359 1206 424 415

83 527 242 610 argumenti
264 525 468 590 futtilitatem
491 531 635 610 repetere
657 526 769 610 altius,
799 529 894 610 atque
916 549 1043 591 omnem
1065 527 1205 610 disputa·

61 637 182 700 'honam
203 637 236 701 in
260 657 297 701 eo
318 637 354 701 in
377 657 439 722 quo
461 658 626 701 versamur
647 657 765 722 genere
789 635 947 702 contineo.
992 635 1105 721 ltaque
1127 637 1205 701 illud

83 768 160 830 qoam
181 747 222 812 sit
242 769 316 811 vere
338 748 489 812 miserum
512 751 748 834 argumentum,
778 747 977 830 apertissime
999 767 1037 812 ea
1059 747 1205 832 exempla

81 861 241 924 monstrant
261 879 354 942 quae,
377 857 441 924 nisi
462 857 648 942 posthabita
670 857 823 921 librorum
846 857 908 922 fide
925 879 1017 922 voces
1040 858 1129 922 iuxta
1151 879 1205 943 po

83 968 145 1030 silas
169 967 418 1052 transposueris,
449 971 505 1032 aut
531 967 637 1032 nullos
669 965 801 1031 omnino
829 989 937 1032 versus
970 967 1129 1052 praebent
1155 969 1205 1032 vel

80 1076 159 1159 plane
178 1076 332 1160 horridos,
355 1081 392 1143 ut
414 1099 482 1163 arg.
507 1077 579 1144 Cas.
603 1077 633 1142 3.
657 1075 752 1160 Epid.
776 1077 806 1140 8.
829 1076 918 1144 Pers.
941 1078 972 1143 4.
996 1077 1078 1142 itud.
1102 1078 1140 1142 4:

249 1255 312 1296 sors
335 1255 436 1296 senem
459 1236 592 1308 adiuvat,
615 1255 720 1294 verum
743 1235 892 1311 decipitur
914 1237 1007 1296 dolis:

249 1323 300 1382 sed
324 1322 448 1382 invente.
469 1325 563 1398 gnata
585 1321 735 1380 servolum
758 1321 871 1380 emittit
896 1341 1001 1380 manu:

251 1407 416 1466 subornata
438 1407 545 1466 suadet
567 1407 613 1466 sui
636 1405 760 1480 parasiti
786 1401 920 1485 filia[m]:

224 1516 227 1526 ·
249 1511 283 1548 ea
304 1491 337 1550 in
359 1491 531 1550 clientelam
553 1491 653 1566 suiptc
675 1490 839 1564 inprudens
866 1492 977 1565 patris:

84 1623 126 1682 aot
144 1621 221 1684 talea
243 1620 361 1701 hiatus,
386 1642 463 1706 quos
485 1625 613 1704 praeter
627 1619 784 1684 Vltimum
806 1624 839 1684 et
853 1618 1090 1684 Paenultimum
1112 1643 1204 1685 nemo

81 1727 208 1794 serendos
229 1731 393 1816 dixerit*),
417 1735 454 1795 ut
475 1730 597 1814 Amph.
619 1730 649 1794 2.
675 1729 746 1796 Cas.
773 1732 800 1794 1.
824 1729 910 1796 Men.
935 1731 971 1795 8:

251 1873 383 1932 mutivit
405 1891 469 1932 sese
491 1872 523 1930 in
546 1871 672 1930 idrmam
696 1872 759 1930 eius
782 1867 932 1948 coniugis:

250 1962 424 2018 conservam
446 1975 569 2015 uxorem
592 1955 651 2016 dud
674 1956 809 2016 conservi
832 1959 920 2031 expet
964 1951 1043 2032 t:**)

252 2043 479 2102 Menaechmum
502 2061 604 2100 omnes
627 2045 722 2100 civem
744 2042 869 2100 credunt
892 2043 1052 2101 idvenam:

78 2181 107 2238 ut
129 2201 184 2244 nec
207 2181 363 2246 cumulem
391 2180 537 2266 exempla
558 2201 619 2245 nec
641 2201 658 2244 e
681 2180 911 2245 sententiarum
941 2181 1134 2266 linguaeque
1156 2203 1205 2245 ra-

78 2285 201 2354 tionibus
227 2313 315 2356 nunc
344 2293 536 2377 argumenta
563 2295 680 2374 petam.
725 2289 815 2375 Ergo
841 2290 960 2376 igitur,
992 2311 1055 2375 quo
1078 2313 1205 2376 corrup-

78 2396 147 2462 telae
160 2422 275 2485 genere
298 2401 387 2466 nulla
408 2423 485 2486 pars
500 2402 698 2466 senariorum
720 2423 785 2466 non
801 2399 916 2466 affecta
929 2403 987 2484 est,
1012 2423 1091 2466 eone
1106 2423 1205 2466 unum

76 2504 152 2573 illum
177 2511 281 2576 locum
309 2513 484 2577 immunem
513 2512 670 2594 dieamus,
700 2511 736 2574 in
763 2533 826 2595 quo
848 2511 929 2576 solet
958 2533 1090 2577 caesura
1113 2513 1205 2576 esse?

77 2617 132 2682 Aut
155 2619 213 2686 hoc
243 2623 415 2687 absurdum
443 2627 499 2686 aut
528 2621 619 2686 nihil.
664 2621 709 2686 nt
736 2621 883 2706 quidest
908 2621 1039 2686 tandem
1062 2644 1128 2705 cur,
1152 2621 1205 2706 qui

75 2727 178 2794 talibus
205 2731 421 2816 delectantur,
451 2733 545 2819 quale
573 2736 623 2797 eat
644 2734 779 2812 pe'reqre
805 2733 901 2814 cbaos,
930 2755 995 2796 non
1028 2733 1208 2816 suscipiant
1226 2753 1253 2800 lx

75 2839 169 2904 tamen
192 2846 224 2907 et
246 2846 381 2908 teneant
402 2865 484 2928 quae
507 2864 576 2929 arg.
598 2841 697 2907 Poen.
720 2842 741 2905 2
763 2842 837 2906 libri
859 2842 1084 2928 prodiderunt:

256 3003 326 3046 osor
345 2985 505 3044 mulierum
527 2987 663 3060 emptum
685 2983 812 3060 adoptat
837 2983 916 3042 huno
937 3002 1036 3056 senex,

76 3109 266 3121 *⁸*—

128 3180 152 3246 ’)
182 3181 230 3251 [At
248 3184 384 3250 quantum
402 3199 436 3238 ea
454 3199 518 3252 spes
536 3183 646 3237 fefellit!
670 3183 712 3238 Ea
730 3180 803 3238 enim
822 3183 915 3236 aetate
933 3179 1058 3247 vivimus,
1076 3197 1133 3250 qua
1149 3198 1205 3236 non

73 3270 169 3327 taumm
187 3275 373 3340 defendendo,
396 3274 485 3330 sicubi
503 3274 631 3342 occurrit,
648 3275 737 3330 hiatui
756 3274 832 3330 omni
849 3274 949 3328 vinum
967 3275 1145 3329 contentione
1162 3275 1202 3328 in-

72 3366 197 3422 cumbitur
216 3370 344 3438 exemplo
362 3368 506 3423 Weisiano
525 3369 609 3436 atque
627 3367 879 3435 Lindemanniano,
903 3385 999 3424 verum
1017 3368 1098 3422 adid
1117 3386 1205 3440 genus

70 3451 222 3514 deliciarum
241 3461 339 3516 dedita
356 3477 443 3531 opera
460 3461 623 3516 sectandum
640 3461 890 3532 aucupandumque
902 3460 1024 3531 undique
1043 3463 1206 3518 convolatur

70 3551 427 3621 sternumentum,
456 3555 539 3624 plane
562 3556 593 3608 ut
614 3553 672 3609 iam
693 3554 794 3609 inhiari
811 3554 901 3609 hiatui
917 3554 1001 3610 dicas.
1039 3554 1128 3622 Quam
1146 3575 1205 3613 rem

68 3639 138 3698 video
154 3647 311 3702 tersissimo
330 3647 439 3702 aunum
456 3647 559 3702 indicio
576 3647 609 3701 ll.
623 3647 758 3702 Lehraii
776 3648 817 3702 ita
835 3647 1014 3718 displicuisse,
1034 3650 1110 3704 utin
1128 3651 1204 3704 Aris·
1283 3657 1287 3666 “

68 3733 145 3790 areni
166 3739 209 3794 sui
233 3740 357 3795 editione
382 3741 472 3796 altera
493 3761 520 3812 p.
540 3747 591 3797 486
616 3742 686 3796 haec
711 3743 831 3812 poneret
853 3741 889 3798 ad
911 3743 1020 3798 hiatum
1042 3743 1070 3797 in
1089 3761 1205 3798 caesura

69 3827 162 3886 seilicet
179 3833 334 3889 admissum
352 3851 369 3889 a
386 3835 486 3890 Plauto
504 3835 671 3904 spectantia:
702 3835 797 3890 ‘Nunc
820 3837 915 3891 tammr
938 3853 1001 3890 cum
1026 3836 1204 3890 inveniantur

68 3921 205 3992 tuliore,
225 3943 299 3994 qnae
318 3944 420 3998 anceps
439 3929 468 3982 et
485 3928 647 3996 dubitabilis
659 3945 720 3982 esse
732 3928 825 3994 debet,
843 3931 978 3996 tanquam
990 3947 1020 3982 re
1032 3929 1103 3983 bene
1122 3929 1205 3997 gesta
1237 3911 1243 3921 ⁶

67 4010 169 4072 licenter
187 4019 338 4086 exsultent,
354 4019 384 4074 id
395 4020 464 4076 mihi
476 4023 574 4078 notum
586 4037 648 4076 esse
661 4022 832 4078 monendum
844 4022 921 4076 eluxi:
941 4025 972 4074 ut
984 4023 1012 4075 et
1024 4021 1094 4076 alios
1107 4021 1203 4090 rhyth-

67 4121 118 4161 mos
132 4111 280 4166 Plautinos
297 4131 386 4182 nuper
402 4113 473 4180 vidi,
493 4113 541 4183 qui
558 4113 581 4168 si
598 4117 663 4170 sunt
679 4115 814 4183 Plautini,
838 4132 904 4170 sane
921 4115 1037 4169 Plautus
1054 4115 1121 4170 fecit
1139 4116 1203 4170 bar·

66 4195 143 4256 bare!
178 4203 217 4260 Et
233 4205 308 4260 haec
327 4207 454 4274 quidem,
484 4220 556 4274 quae
578 4209 720 4278 postrema
738 4199 820 4276 dixit,
850 4209 899 4262 aut
917 4207 998 4262 fallor
1016 4208 1117 4262 autad
1136 4209 1206 4264 talia

67 4297 205 4366 pertinent,
225 4298 324 4367 qualia
341 4317 426 4370 supra
442 4319 470 4371 p.
484 4307 541 4356 220.
556 4307 614 4356 278.
634 4309 692 4358 302.
712 4308 762 4358 306
779 4319 819 4370 sq.
838 4306 888 4358 336
906 4319 945 4370 eq.
964 4307 1014 4356 404
1031 4301 1201 4374 perstriuxi]

125 4389 165 4461 ”)
183 4392 222 4462 [h.
243 4407 268 4448 e.
290 4385 428 4452 conservi
439 4403 577 4466 repetunt
594 4398 670 4467 duo]
