2996 5148
407 373 591 422 narcara
615 364 760 422 ‘narn’
783 375 886 422 varus
909 372 1040 422 sonas.
1230 356 1289 421 381

133 528 258 616 [immo
297 527 392 593 nihili
425 528 555 593 nomine
587 528 723 596 barbaro
756 528 926 592 liberatum
955 531 1147 610 Lysidomam
1176 526 1291 609 potius]

134 638 354 704 Cleostralae
376 640 525 703 maritum
548 640 619 723 quis
641 639 772 703 tandem
797 637 859 702 sibi
881 637 1072 721 persuadeat
1093 637 1185 702 istius
1207 636 1292 700 modi

132 749 354 814 atrocitatem
391 749 525 813 cadere?
574 747 680 813 Servis
715 749 794 812 talia
822 749 867 811 eri
895 749 1114 832 imprecantur
1140 747 1214 810 irati
1243 745 1294 810 vel

134 861 299 926 conservi
323 863 355 924 et
375 860 522 942 lenones,
550 862 585 922 ut
606 859 641 922 in
664 859 741 942 ipsis
769 857 919 922 Pseuduli
942 857 1116 942 Militisque
1138 857 1292 939 versibus,

133 971 186 1036 vel
213 969 253 1034 in
281 969 401 1034 Casina
423 969 471 1052 Il,
494 970 525 1051 4,
549 968 606 1032 21:
644 974 816 1048 alpaidem
836 975 891 1048 pol
907 989 1019 1048 pereas
1040 975 1181 1032 cruciatu
1202 973 1291 1044 mule,

133 1091 168 1145 et
193 1102 288 1165 quae
311 1079 392 1162 alibi¹
410 1081 485 1143 sunt
507 1077 808 1142 similia'seseenta:
844 1077 1032 1143 maritorum
1055 1081 1105 1142 est
1126 1080 1237 1160 optare
1259 1076 1294 1140 in

133 1190 332 1272 comoedia,
366 1194 403 1254 ut
430 1192 531 1252 morte
560 1208 693 1252 uxorum
727 1188 923 1252 matrimonii
957 1189 1103 1252 molestia
1135 1187 1290 1252 leventur.

130 1303 245 1366 Recte
272 1299 336 1363 hoc
358 1299 512 1364 Gruterus
540 1299 718 1383 perspexit,
744 1299 794 1362 cui
817 1298 1006 1362 incredibile
1028 1298 1131 1363 visum
1153 1298 1199 1360 ita
1221 1296 1291 1362 Sta-

130 1412 293 1474 linonem
316 1409 418 1473 odisse
433 1430 563 1472 uxorem
587 1408 781 1493 (extimescit
795 1408 901 1491 potius
917 1431 1013 1492 quam
1029 1409 1120 1494 odit),
1144 1413 1180 1470 ut
1195 1409 1292 1471 etiam

131 1542 217 1585 cum
235 1521 367 1582 suamet
390 1518 569 1604 ignominia
585 1518 800 1582 excruciatam
816 1517 921 1582 vellet.
952 1517 1180 1583 Excruciatam
1195 1517 1293 1583 vero?

130 1633 242 1694 immo
277 1629 493 1708 combustam,
526 1627 607 1692 miro
638 1628 734 1693 etiam
763 1627 912 1710 supplicii
939 1651 1067 1712 genere.
1118 1628 1202 1694 Nam
1238 1628 1293 1714 (ne

129 1741 213 1824 quis
232 1738 337 1824 erret)
360 1741 517 1803 mortuam
534 1738 661 1822 quidem
675 1759 740 1801 non
755 1738 861 1801 minus
878 1739 1039 1804 commode
1061 1743 1188 1822 poterat
1211 1761 1294 1803 com-

133 1853 281 1916 bustam
305 1847 352 1932 (h.
370 1869 396 1911 e.
421 1855 577 1913 ardentem
600 1861 692 1912 extre
708 1848 844 1933 portum)
867 1870 963 1932 quam
986 1847 1143 1933 sepultam
1167 1849 1215 1914 vel
1238 1849 1294 1912 hu-

129 1963 272 2025 matam
303 1957 459 2022 Chalinus
495 1960 615 2023 dicere:
649 1959 750 2042 quode
778 1959 850 2022 vide
883 1957 1018 2023 Beckeri
1046 1958 1293 2043 disputationem

129 2069 232 2136 Galli
256 2071 285 2131 t.
303 2067 334 2130 Ι]
358 2091 389 2152 p.
407 2068 464 2132 291
491 2091 558 2153 sqq.
586 2067 645 2154 [ΙΙΙ
667 2091 699 2152 p.
717 2069 778 2132 368
795 2090 863 2153 sqq.
881 2068 929 2132 ed.
946 2067 1033 2156 tert]
1060 2069 1129 2134 coll.
1155 2070 1294 2134 eiusdem

128 2178 300 2246 [tharicle
334 2179 357 2240 t.
381 2177 414 2240 ll
435 2199 467 2260 p.
494 2177 549 2241 181
576 2199 644 2262 sqq.
681 2175 741 2263 [III
769 2201 801 2261 p.
826 2179 865 2242 97
889 2201 957 2263 sqq.
994 2179 1042 2243 ed.
1073 2177 1156 2266 alti.
1205 2179 1293 2244 ldem

126 2295 254 2355 autem
280 2287 336 2351 ille
359 2286 484 2352 Stalino
507 2309 577 2352 omn
599 2288 635 2351 iu
657 2287 868 2352 Cleostratam
890 2288 970 2352 haec
992 2289 1071 2352 dicit
1100 2289 1149 2372 ll,
1173 2291 1211 2373 5,
1239 2291 1293 2353 18:

123 2405 251 2480 edepol
281 2419 320 2462 ae
346 2419 402 2476 eqo
428 2403 512 2461 illum
539 2404 668 2462 medium
698 2403 853 2478 diruptam
876 2405 979 2478 velim,
1014 2421 1056 2463 ne
1083 2399 1137 2464 hic
1166 2399 1294 2484 quidem

123 2512 322 2596 quicquam
345 2509 478 2592 exoptat
504 2511 630 2590 praeter
652 2506 752 2571 solam
774 2511 926 2591 mortem,
957 2509 1166 2574 atrocioribus
1190 2511 1293 2574 verbis

123 2641 215 2684 usus
253 2621 389 2701 propter
423 2639 644 2701 praegressum
678 2618 880 2701 Olympionis
914 2639 1106 2684 sermonem:
1144 2641 1225 2686 aune
1261 2629 1292 2684 ia

116 2736 300 2808 fermento
327 2739 432 2804 torosi,
467 2735 510 2792 ito
537 2738 639 2806 turpet
665 2733 746 2792 mibi.
792 2727 862 2792 Nisi
891 2733 1036 2812 praestat
1063 2731 1162 2794 iocari
1190 2729 1294 2812 magis

124 2861 216 2904 cum
243 2838 376 2901 credere
398 2859 493 2920 quam
514 2833 597 2900 serio
618 2838 715 2922 loqui.

229 2947 289 3010 Eo
304 2947 508 3030 pervenimus
523 2947 743 3012 ratiocinando
766 2951 811 3030 ut,
837 2971 909 3012 cum
924 2950 1046 3013 nullam
1061 2971 1129 3012 esse
1147 2950 1293 3014 idoneam

121 3060 307 3124 rationem
329 3056 590 3140 intellexerimus,
615 3079 677 3142 qua
699 3061 810 3141 portae
833 3059 950 3122 Metiae
977 3061 1012 3122 in
1035 3059 1152 3124 Casina
1173 3060 1293 3122 mentio

119 3168 353 3255 expediatur,
383 3167 422 3230 de
451 3188 488 3230 ea
515 3169 647 3230 omnino
673 3167 820 3231 dubitare
846 3168 1047 3253 incipiamus.
1093 3170 1136 3233 lb
1157 3170 1294 3254 praeivit

119 3303 211 3346 eam
239 3277 477 3342 dubitationem
499 3277 637 3361 diligens
660 3279 798 3361 scriptu
813 3279 963 3343 Sachsius
984 3280 1019 3342 in
1036 3279 1120 3343 llist.
1138 3283 1171 3344 et
1192 3281 1291 3345 deser.

116 3392 233 3456 urbis
257 3387 380 3451 Romae
413 3386 429 3449 l
459 3409 490 3470 p.
508 3387 569 3450 194
590 3409 636 3470 sq.
664 3385 737 3450 221.
771 3387 832 3462 (lui
855 3411 926 3453 cum
949 3389 987 3453 de
1009 3391 1148 3455 nominis
1171 3393 1294 3456 ratione

115 3503 247 3584 deque
277 3497 341 3562 situ
370 3497 479 3561 omnia
506 3519 573 3562 esse
601 3497 740 3580 incerta,
770 3498 866 3562 immo
895 3499 1110 3565 incertissima
1136 3502 1205 3568 iure
1239 3525 1294 3566 suo

115 3611 274 3690 dixerit,
299 3630 363 3672 non
389 3607 526 3670 debebat
547 3611 655 3672 tamen
678 3607 742 3672 ullo
765 3609 857 3672 modo
879 3610 916 3673 de
943 3632 1058 3694 graeco
1081 3613 1226 3700 exemplo
1247 3613 1294 3679 fa·

118 3723 239 3786 bulae
262 3717 437 3782 Plautinae
461 3717 618 3801 cogitare,
642 3718 725 3802 quod
749 3719 844 3782 etiam
867 3721 902 3783 in
925 3742 961 3784 eo
983 3721 1104 3788 latinus
1125 3729 1220 3810 poeta
1243 3748 1293 3788 ex-

114 3832 326 3918 pressisset,
350 3831 389 3892 ut
413 3849 529 3912 graeco
551 3829 681 3893 nomine
702 3850 836 3913 graecae
851 3830 938 3894 urbis
957 3837 1082 3916 portam
1105 3835 1292 3919 appellaret.

111 3945 228 4008 Nam
251 3939 354 4004 habet
376 3936 521 4021 profecto
536 3937 730 4003 Graecorum
751 3939 808 4003 illa
822 3941 959 4006 imitatio
980 3965 1053 4009 suos
1076 3946 1155 4008 fines
1178 3965 1292 4029 eosque
1314 3959 1362 4011 llll

109 4059 180 4118 sat
215 4055 339 4134 certos;
363 4069 402 4113 ac
425 4047 596 4131 pervellem
619 4049 792 4114 indicasset
806 4050 859 4115 ille
882 4051 952 4116 ea'm
975 4057 1100 4136 portam
1122 4053 1292 4120 Athena-

108 4187 231 4248 rum,
259 4162 352 4227 cuius
368 4181 489 4224 nomen
512 4182 531 4222 a
553 4159 667 4224 Plauto
693 4162 852 4226 servatum
878 4166 1029 4248 nugatur.
1060 4161 1194 4227 Prorsus
1217 4167 1293 4229 omi-

107 4279 252 4340 serunt
281 4271 418 4338 Metiam
451 4271 594 4355 portam,
629 4272 683 4355 qui
717 4277 791 4357 post
823 4273 989 4348 Sacbsium
1022 4273 1173 4355 antiquae
1196 4275 1293 4342 Vrbis

107 4389 316 4474 imaginem
331 4382 435 4468 pictis
450 4378 568 4443 tabulis
584 4385 874 4468 repraesentarunt,
899 4407 969 4448 cum
983 4383 1037 4447 alii
1056 4385 1124 4446 tum
1146 4387 1183 4450 nt
1200 4389 1293 4454 audio
