2996 5148
204 354 249 400 oa
272 351 490 401 sauvnnnro
514 351 733 404 nonosriono
757 355 888 404 nimus
913 355 1090 408 auourosr.
1155 339 1220 405 405

98 508 270 574 confidentia
291 491 480 572 tribuerent.
509 503 585 570 Non
607 508 731 573 exstitit
752 511 870 593 autem,
894 510 948 595 qui
970 509 1010 574 ad
1032 531 1103 574 eam
1125 532 1219 594 quae-

97 621 212 684 stionem
233 619 318 684 viam
350 639 418 682 esse
449 616 657 695 muniendam
680 617 802 682 curiosa
829 619 1028 704 singulorum
1050 620 1218 684 verborum

96 728 345 815 pervestigatione
377 727 590 813 intellegeret.
636 727 756 812 Ecquis
789 731 897 794 autem
928 733 1014 794 recte
1037 729 1218 794 existimare

95 841 125 904 de
153 863 253 904 eorum
283 859 429 902 versuum
461 838 527 902 siva
562 837 704 902 bonitate
738 838 804 902 sive
836 839 1056 904 mediocritate
1088 839 1217 924 poterit,

94 974 158 1035 quos
177 973 241 1016 non
263 953 338 1014 ante
360 949 534 1032 exploras-it
547 947 656 1032 quales
678 947 810 1012 tandem
832 949 975 1034 quisquis
997 949 1060 1014 fuit
1082 950 1218 1034 scriptos

93 1061 259 1146 reliquerit?
303 1060 401 1144 Atqui
432 1059 543 1141 facilc,
574 1058 629 1142 qui
651 1059 832 1123 accuratius
854 1059 1041 1143 inspexerit,
1076 1060 1218 1124 fateatur

94 1173 283 1256 grauissimae
315 1170 412 1252 illius,
447 1191 510 1253 qua
538 1167 626 1252 ipsae
648 1169 776 1232 fabulae
798 1169 957 1254 laborant,
981 1169 1217 1253 depravationis

93 1282 301 1368 contagionem
323 1280 421 1344 etiam
444 1279 484 1344 ad
506 1280 708 1363 Argumenta
730 1279 931 1363 pertinuisse.
966 1279 1062 1346 Ouios
1077 1281 1122 1344 rei
1147 1301 1218 1344 oum

93 1392 216 1476 insignia
239 1391 429 1456 documenta
451 1388 532 1453 aliae
546 1387 676 1454 fabulae
691 1389 908 1473 suppeditant,
933 1393 1002 1454 tum
1017 1411 1116 1454 unum
1131 1411 1218 1454 nunc

92 1501 165 1567 lubet
195 1522 383 1586 proponere.
428 1499 559 1563 Etenim
593 1499 736 1582 duorum,
771 1521 851 1583 quae
874 1500 914 1563 ad
937 1500 1107 1564 Militem
1140 1499 1217 1583 glo-

91 1613 218 1676 riosum
241 1613 406 1696 spectant,
441 1612 703 1694 argumentorum
726 1609 872 1693 alterurn,
907 1611 990 1693 quod
1014 1613 1062 1673 est
1088 1610 1217 1672 acrosti-

91 1723 179 1807 chum,
202 1723 248 1788 sic
272 1722 425 1806 scriptum
448 1718 613 1804 vulgatur:
660 1747 665 1762 ·

223 1845 411 1904 Meretricem
433 1844 561 1902 Athenis
583 1843 737 1918 Ephesum
759 1843 844 1901 rnilos
868 1842 978 1902 avehit.

222 1932 261 1990 ld
283 1931 354 1988 hero
378 1931 449 1987 dum
471 1928 584 1987 amanti
607 1947 707 1986 servos
730 1929 871 1986 nunciare
894 1928 958 1987 volt

224 2017 341 2092 Legata
364 2033 496 2091 peregre,
521 2015 642 2088 captust
664 2014 748 2087 ipsus
764 2014 795 2070 in
817 2013 902 2086 mari,

223 2102 267 2159 Et
288 2100 333 2158 illi
356 2099 452 2157 cidem
473 2097 564 2156 militi
587 2097 666 2156 dono
690 2098 804 2156 datust.

161 2193 177 2242 5
220 2187 318 2246 Suum
341 2184 463 2242 arcessit
484 2183 589 2241 herum
610 2182 749 2253 Athenis,
773 2187 803 2240 ct
826 2183 906 2240 forat

223 2270 358 2330 Geminis
381 2267 567 2327 communem
590 2267 666 2325 clam
687 2267 834 2341 parietem
856 2267 887 2325 in
910 2266 1044 2338 aedibus,

221 2355 327 2414 Licere
350 2356 384 2412 ut
407 2354 505 2428 quiret
527 2352 686 2412 convenire
709 2351 888 2410 amantibus.

223 2439 430 2499 Obhaercntes
453 2441 554 2496 custos
577 2437 630 2495 hos
653 2435 731 2496 uidit
754 2437 790 2494 do
812 2436 957 2512 tegulis·

220 2525 380 2584 Ridiculus
403 2525 512 2596 autern,
537 2522 624 2598 quasi
646 2521 686 2579 sit
708 2520 775 2592 alia,
798 2521 923 2578 luditur.

146 2615 176 2665 lu
217 2611 360 2684 Itemque
382 2608 511 2682 impellit
537 2606 664 2664 militem
685 2605 860 2677 PalaestriO,

221 2694 374 2756 Omissam
397 2692 488 2750 faciat
510 2690 715 2762 concubinam,
741 2691 861 2765 quando
885 2690 912 2748 oi

222 2779 314 2839 Senis
336 2777 427 2836 vicini
450 2777 552 2850 cupiat
573 2794 649 2833 uxor
670 2774 802 2832 nubere:
912 2807 916 2816 ·

219 2865 313 2922 Vltro
337 2863 424 2920 abeat
446 2865 521 2932 orat,
546 2861 639 2919 donat
661 2859 766 2917 multa.
790 2859 908 2933 ipsein
932 2859 1020 2917 domo

220 2948 312 3008 Senis
335 2947 498 3022 prehensus
520 2963 632 3020 poenas
655 2963 710 3018 pro
733 2944 855 3002 moecho
878 2944 945 3001 luit.

152 3081 253 3164 Atqui
292 3077 405 3140 horum
438 3097 498 3140 nec
520 3096 600 3159 quae
623 3095 703 3137 sana
725 3073 890 3154 videntur,
924 3072 970 3134 sic
999 3071 1119 3154 scripta
1142 3069 1216 3134 libri

78 3189 280 3270 prodiderunt
303 3187 427 3268 omnia,
461 3207 521 3250 nec
543 3207 623 3269 quae
646 3206 663 3248 e
685 3164 775 3247 libris
798 3184 986 3264 manarunt,
1023 3180 1087 3244 ullo
1120 3183 1215 3264 pacto
1236 3195 1262 3244 ιν

79 3321 137 3364 esse
169 3324 252 3366 sana
288 3300 432 3382 possunt.
477 3295 561 3359 Nam
592 3299 628 3359 ut
650 3316 668 3358 a
691 3292 888 3379 gravissimis
910 3291 1027 3374 ordiar,
1051 3291 1142 3354 foede
1166 3291 1217 3354 de·

78 3415 218 3494 pravatus
243 3431 317 3476 esse
340 3430 448 3472 versus
471 3407 491 3472 5
514 3409 546 3469 et
568 3405 587 3470 8
610 3408 748 3468 metrum
764 3403 881 3466 clamat
894 3403 929 3466 in
946 3401 1006 3466 hoc
1021 3401 1215 3484 redundans,

78 3541 217 3586 mancum
241 3523 278 3587 in
301 3519 367 3582 illo.
412 3516 480 3582 Nec
502 3519 611 3580 tamen
633 3515 735 3579 maior
757 3517 806 3579 est
828 3534 936 3577 eorum
958 3511 1139 3597 integritas,
1163 3512 1218 3596 qui

76 3727 114 3781 lus
131 3725 245 3780 defendi
263 3743 293 3793 p.
306 3727 356 3775 ¹216
374 3719 485 3775 adscitis
497 3720 670 3777 Neruolaria
688 3719 854 3774 Friuolaria
872 3715 1042 3781 nominihus,
1061 3713 1217 3769 substitutis

77 3820 111 3872 at
127 3819 241 3887 quidem
259 3815 305 3870 illi
322 3813 420 3880 usum)
439 3813 467 3867 in
484 3813 576 3866 locum
594 3812 770 3869 Neruolaria
786 3811 955 3867 Friuolaria
972 3809 1142 3862 formarum?
1166 3804 1217 3856 Vel

76 3911 226 3980 argumenti
251 3906 443 3964 acrostichi
466 3905 574 3976 primae
596 3904 708 3959 fabulae
727 3919 836 3957 versum
853 3905 1025 3972 postremum
1044 3899 1136 3954 deleta
1156 3897 1216 3955 Om-

76 4023 130 4062 nem
146 4024 214 4061 socc
230 4002 272 4058 sic
288 3999 394 4054 scilicet
406 3999 549 4054 emendari
566 4017 594 4068 p.
608 4004 657 4052 205
671 3999 742 4054 Rem
752 4003 909 4065 quoscum:
925 3997 1052 4062 pominus
1062 3991 1217 4048 Alcumena

75 4105 235 4164 expellitur,
257 4093 333 4149 unde
347 4091 563 4146 AMPHITRVR
581 4107 681 4144 nomen
705 4089 836 4158 emergit,
856 4085 1074 4155 comparandum
1092 4082 1160 4137 illud
1178 4081 1216 4135 io-

76 4191 152 4246 culari
169 4185 361 4246 Lindemanni
378 4185 491 4240 invento
510 4201 564 4252 qno
582 4183 694 4236 Minna
712 4179 913 4236 GLOEIOSVS
931 4175 1036 4248 prodiit
1054 4194 1080 4245 p.
1094 4175 1155 4228 LVI
1174 4175 1216 4228 ed.

75 4301 96 4336 a.
115 4291 184 4339 1844.
223 4281 285 4336 Sed
303 4278 401 4334 aeder
417 4278 445 4332 in
464 4278 507 4332 his
525 4275 631 4331 frivolis
649 4277 765 4330 haerere
784 4273 898 4336 diutius,
917 4285 988 4339 quae
1007 4268 1066 4322 dies
1085 4267 1129 4322 dic
1148 4268 1215 4322 abo-

75 4375 149 4433 lenda
165 4375 283 4444 tradit]
