2996 5148
444 553 608 610 Mercatura
630 572 647 610 a
669 571 701 610 se
723 552 794 609 (lum
817 551 913 609 filium
935 549 1069 608 extrudit
1091 552 1190 624 pater,

442 638 472 696 ls
495 657 619 713 peregre
641 638 729 695 unius
752 637 873 694 redimit
896 635 1034 694 ancillam
1057 635 1186 710 hospitis

292 377 354 440 396
418 409 426 431 ·
598 391 872 440 niranninonas
896 390 1127 439 nnncsrorns.
1182 463 1187 474 „

1485 539 1486 596 1

443 723 553 780 Amore
576 725 695 796 captust.

291 837 345 918 qui
367 839 474 918 potest
496 857 610 899 sanum
633 856 715 916 esse,
740 836 867 917 (quando
890 855 954 897 non
977 836 1122 918 prolecto
1144 835 1218 898 duur
1241 833 1403 915 extnulitur,

291 946 345 1010 sed
374 945 427 1008 diu
450 949 639 1029 postquam
661 948 807 1008 extrusus
830 948 894 1027 est,
925 944 1075 1008 ancillam
1104 944 1191 1007 illam
1220 945 1295 1007 eruit
1319 943 1406 1006 lilius?

292 1055 380 1131 Quod
414 1055 610 1139 perspiciens
642 1059 801 1118 corrector
827 1055 929 1118 Italus
963 1061 1032 1118 (irim
1061 1054 1253 1138 particulam
1287 1053 1405 1118 delebat:

291 1189 351 1230 nec
375 1165 602 1236 convenienter
624 1165 685 1228 arti
714 1167 747 1227 et
770 1186 841 1228 curu
868 1165 963 1228 ruina
991 1187 1204 1228 numerorum
1249 1164 1307 1230 His
1328 1165 1409 1248 igitur

291 1279 328 1340 ut
350 1278 558 1358 succurreret,
584 1281 752 1340 Merentem
775 1281 812 1338 ab
828 1297 891 1339 sese
901 1282 1000 1352 silium
1015 1297 1040 1338 e.
1051 1297 1086 1354 p.
1111 1275 1266 1362 Iosephus
1287 1274 1409 1357 Scaliger

292 1385 545 1468 commendabat,
570 1385 702 1468 ignarus
725 1383 779 1447 ille
801 1383 875 1468 quid
897 1385 1027 1448 tandem
1042 1385 1157 1449 vetusti
1180 1384 1255 1448 libri
1278 1383 1410 1468 prodidis-

291 1498 373 1560 sent.
418 1494 446 1558 E
468 1491 582 1578 quibus
605 1495 665 1559 soli
686 1495 882 1558 Decurtatus
905 1495 1144 1578 Vaticauusque
1166 1517 1186 1558 a
1208 1519 1240 1560 se
1263 1501 1329 1560 tium
1347 1493 1411 1556 illud

290 1608 420 1688 tenent,
444 1606 540 1690 longe
562 1605 648 1668 aliud
671 1603 771 1669 Vetus
794 1609 914 1669 servat:
954 1611 1122 1670 Mercatura
1152 1613 1300 1672 alisatiam
1322 1611 1410 1680 [dium.

246 1733 274 1780 lv
293 1715 331 1779 lu
361 1737 424 1799 quo
446 1723 489 1780 ad
508 1723 619 1780 socium
648 1715 748 1779 latere
764 1715 952 1780 ‘Camerario
974 1715 1094 1798 risum,
1118 1717 1201 1800 quod
1224 1739 1266 1780 ne
1287 1713 1414 1797 intellegi

292 1825 418 1909 quidem
441 1829 563 1910 potest:
586 1831 746 1890 adsiduam
769 1825 885 1890 Bothio
908 1825 994 1908 olim,
1018 1826 1100 1910 quod
1124 1830 1174 1889 est
1195 1847 1324 1910 prorsus
1343 1825 1414 1888 iuco-

292 1936 437 2020 gitanter
463 1936 690 2021 excogitatum.
742 1936 824 2012 Quid
857 1935 967 1999 enim?
1004 1936 1154 1999 adsiduus
1182 1939 1219 1999 ut
1247 1936 1275 1999 is
1297 1936 1415 2014 dicatur,

292 2069 385 2130 quem
414 2050 481 2110 tum
508 2045 668 2131 perditum
701 2047 952 2130 dissolutumque
980 2045 1108 2110 fabulae
1137 2047 1292 2130 prologus
1319 2043 1417 2110 descri-

293 2155 364 2238 bat,
388 2159 425 2219 ut
452 2177 518 2220 non
547 2156 610 2220 alia
637 2157 699 2220 nisi
729 2157 795 2220 eius
822 2156 924 2240 ipsius
953 2156 1114 2239 nequitiae
1147 2155 1418 2241 prodigenliaeque

294 2288 405 2329 caussa
426 2271 602 2330 mercatum
624 2270 716 2350 pater
731 2266 922 2330 extruserit?
952 2266 1155 2332 Contrarium
1171 2267 1342 2330 dicendum
1363 2269 1419 2327 erat

293 2376 474 2460 dictamque
497 2381 546 2440 est
572 2375 774 2442 hauddubie
797 2377 837 2440 ab
859 2377 971 2441 horum
994 2377 1148 2460 scriptore
1171 2399 1336 2441 versuum:

494 2493 659 2552 Mercatum
683 2497 829 2551 asotum
851 2492 950 2550 fllium
972 2493 1106 2551 extrudit
1128 2494 1223 2567 potor.

293 2623 407 2688 Graeci
435 2622 579 2687 vocabuli
603 2645 711 2706 usum,
741 2623 838 2686 etiam
860 2624 887 2686 si
915 2623 1060 2706 exempla
1089 2645 1153 2686 nou
1183 2625 1311 2706 essent,
1333 2645 1372 2687 ne
1395 2621 1423 2684 in

293 2733 407 2797 Plauto
429 2734 557 2818 quidem
579 2733 729 2797 mirarer:
770 2731 875 2819 [atque
904 2733 983 2797 satis
1009 2736 1087 2796 nota
1118 2737 1166 2796 est
1189 2739 1301 2798 Asotus
1328 2731 1423 2797 fabula

294 2841 425 2908 Caecilii
464 2841 593 2930 scilia]
634 2844 734 2907 multo
772 2843 879 2907 minus
917 2844 952 2906 in
987 2841 1127 2927 Sulpicio
1160 2843 1354 2927 Apollinare
1392 2841 1426 2913 lsi

292 2955 385 3019 modo
414 2954 453 3018 ad
480 2953 566 3018 hune
595 2952 803 3038 probabiliter
830 2953 909 3018 haec
938 2956 1127 3038 argumenta
1161 2953 1290 3037 rettuli)
1319 2976 1356 3018 ea
1376 2973 1426 3014 eor

293 3064 462 3149 quicquam
504 3063 689 3127 offensionis
727 3062 839 3146 habet,
886 3085 981 3146 quani
1019 3064 1083 3127 iam
1122 3063 1291 3128 Ciceronis
1322 3065 1429 3156 'arctate

293 3179 457 3258 tamquam
478 3173 512 3237 in
537 3174 699 3238 civitatem
722 3196 790 3238 esse
812 3175 975 3256 receptam
997 3175 1131 3237 constet.
1163 3173 1225 3248 Qui
1247 3197 1340 3253 posse
1360 3179 1427 3237 ertia

293 3297 392 3349 asotos
414 3305 453 3349 ex
469 3276 627 3364 Aristippi,
652 3289 776 3348 acerbos
792 3305 809 3347 e
824 3289 953 3347 Zenonis
965 3287 1070 3348 scliola
1091 3286 1336 3368 exirescripsit
1357 3283 1430 3347 libro

293 3392 341 3457 ΙΙΙ
365 3393 403 3455 de
426 3392 555 3456 deorum
577 3397 693 3458 natura
715 3395 766 3476 31,
792 3394 847 3474 773
875 3393 952 3456 item
974 3391 1005 3456 Il
1029 3393 1067 3455 de
1089 3392 1207 3474 finibus
1232 3395 1263 3478 7,
1289 3393 1332 3458 22
1355 3413 1430 3474 repe·

293 3511 404 3566 riemus
432 3514 531 3568 asotos
555 3511 684 3583 primum
709 3513 756 3568 'ita
784 3526 843 3568 noa
871 3509 1036 3582 relipiosos,
1067 3515 1099 3566 at
1126 3508 1210 3567 edint
1239 3511 1280 3569 rie
1304 3511 1431 3586 paulatim

294 3612 473 3695 ibidemque
500 3613 596 3694 §232
619 3621 710 3678 nolim
732 3621 809 3692 eninr
832 3618 906 3678 milri
923 3619 1040 3692 strpere
1061 3624 1170 3692 asotos,
1195 3627 1228 3678 ut
1249 3621 1366 3692 soletis,
1389 3617 1435 3692 qui

293 3733 324 3788 in
357 3743 489 3787 mensam
520 3736 641 3788 content
667 3735 696 3786 ei
726 3722 798 3810 [prii]
833 3730 871 3788 (ic
897 3731 1041 3788 conviviis
1068 3727 1258 3800 auferantur
1292 3731 1434 3804 crudique

288 3840 439 3916 postridie
459 3855 491 3898 se
512 3856 620 3898 rursus
642 3841 845 3914 inporpiienR
869 3842 923 3914 piri
942 3840 1031 3898 solem
1053 3843 1086 3898 ut
1108 3841 1196 3898 airmt
1218 3857 1280 3901 neo
1304 3843 1434 3902 occidar·

293 3957 350 4010 teia
373 3966 512 4024 remquam
535 3951 666 4008 viderint
687 3965 742 4008 aec
764 3951 923 4017 orientem
953 3951 1006 4024 qui
1030 3953 1215 4024 consamptis
1237 3951 1436 4026 patrimoniis

293 4067 411 4134 epcani.
447 4077 532 4120 nemo
554 4065 688 4118 nostrum
711 4037 796 4119 istius
808 4063 928 4134 pencris
944 4064 1044 4118 asotos
1058 4059 1190 4118 iucunde
1204 4068 1306 4136 pictai
1328 4065 1436 4124 nivere:

293 4172 435 4242 mundos,
460 4171 621 4244 eiepoatis,
647 4171 766 4244 optimis
793 4173 887 4242 cocis,
921 4170 1102 4245 pistoribus,
1125 4173 1266 4244 piscatu,
1296 4175 1436 4250 aucupio.

295 4283 461 4353 venatione,
485 4281 531 4340 iis
553 4281 687 4339 omnibus
709 4280 866 4354 exquisitis
888 4276 1023 4358 atquae
1046 4279 1222 4358 sequuntur
1243 4277 1284 4342 in
1309 4277 1438 4345 Charini

295 4405 463 4468 personam
486 4381 686 4469 indolemque
709 4385 920 4470 congruentia
947 4387 983 4448 ut
1004 4384 1086 4468 quod
1108 4387 1258 4452 maxime.
1310 4387 1441 4454 Praeter
