2996 5148
462 377 509 426 ns
532 378 704 430 rnnsnms
728 379 810 429 soar
832 379 979 429 nonani.
1230 367 1291 432 381

128 527 181 594 Ι)5
209 531 356 614 utroque
370 534 477 596 antem
492 537 683 618 argumento
705 537 741 598 ut
760 533 863 598 tribus
880 535 984 600 verbis
999 535 1075 620 quid
1091 535 1293 600 sentiendum

129 642 176 704 sit
214 641 482 726 complectamur,
507 645 674 708 Osannum
696 645 814 710 fefellit
836 645 955 728 opinio.
1000 645 1044 710 Et
1065 646 1204 730 primum
1226 648 1294 731 qui-

129 753 212 816 dem
252 752 290 815 in
324 753 503 818 definiendo
536 757 678 838 tempore
704 753 813 840 lapsus
836 759 886 820 est
906 756 1153 821 incredibiliter:
1178 757 1293 821 arsisse

130 863 229 926 enim
267 862 420 927 tabernas
454 885 483 927 a.
506 865 569 928 575
603 865 638 928 L.
664 865 786 930 Manlio
808 865 946 930 Acidino
975 865 1012 942 Q.
1035 865 1147 930 Fulvio
1179 866 1293 931 Flacco

130 996 204 1038 cos.
244 973 360 1037 scribit
392 971 438 1058 (h.
463 997 490 1037 e.
524 974 664 1059 quinque
696 979 769 1058 post
797 975 947 1040 Plautum
979 979 1139 1041 mortuum
1171 977 1292 1060 annis),

130 1105 222 1169 quas
248 1081 359 1146 Livius
381 1083 507 1167 quidem
529 1083 551 1148 1.
575 1107 600 1148 a.
617 1107 643 1149 s.
663 1086 845 1153 combustas
867 1090 1023 1151 memorat
1037 1086 1082 1151 M.
1100 1086 1233 1152 Claudio
1248 1087 1293 1152 M.

134 1195 282 1258 Valerio
305 1215 379 1277 cos,
401 1179 462 1258 boc
485 1200 535 1259 est
557 1217 585 1259 a.
608 1195 681 1279 544,
706 1196 761 1260 scd
784 1217 820 1262 eo
842 1197 991 1262 incendio
1016 1197 1208 1281 combustas,
1232 1219 1294 1282 quo

132 1304 240 1370 simul
262 1307 368 1381 soram
388 1311 587 1384 piscatorium
610 1307 701 1389 arsit,
724 1307 808 1391 quod
831 1329 859 1371 a.
883 1309 988 1372 5155
1010 1308 1053 1371 M.
1070 1307 1181 1373 Fulvio
1196 1307 1295 1372 Nobi-

132 1417 224 1480 liore
261 1435 392 1479 censore
425 1414 581 1480 refectum
613 1415 698 1480 idem
720 1415 830 1482 Livius
851 1416 919 1500 XL,
942 1420 982 1482 51
1013 1418 1163 1502 prodidit.
1208 1418 1330 1494 Quasv

132 1547 191 1590 res
218 1527 359 1608 apparet
390 1525 480 1589 miris
500 1526 601 1590 modis
634 1527 799 1592 miscuisse
822 1528 998 1592 Osannum.
1045 1528 1106 1594 sed
1133 1551 1174 1592 ne
1196 1528 1294 1593 inter-

132 1634 291 1721 pretatio
313 1635 440 1719 quidem
462 1635 533 1720 ipsa
555 1637 723 1702 verborum
745 1637 952 1703 Livianorum
980 1647 1066 1704 recte
1087 1637 1139 1703 vel
1161 1639 1294 1704 Osanna

132 1749 191 1812 vel
230 1768 338 1830 nuper
359 1744 547 1834 Visseringo
580 1749 676 1812 cessit
697 1747 927 1824 Quaestionum
949 1748 1092 1813 Plautl
1126 1771 1158 1834 p.
1182 1749 1224 1813 63
1246 1771 1293 1833 sq.

132 1859 206 1936 Qui
232 1879 307 1922 cum
330 1857 542 1942 argentarias,
565 1843 677 1943 postea
692 1881 792 1924 novas
814 1859 1004 1944 appellatas
1029 1859 1145 1943 opponi
1170 1863 1293 1943 septem

131 1970 295 2034 tabernis
317 1979 354 2032 ut
375 1989 440 2032 non
463 1969 656 2053 argentariis
687 1969 748 2033 sibi
769 1973 1007 2054 persuaserunt,
1037 1975 1098 2033 nec
1120 1969 1202 2033 Livii
1224 1992 1294 2046 sen·

132 2101 218 2144 sum
241 2078 382 2142 assecuti
415 2082 506 2162 sunt,
541 2083 574 2142 et
606 2079 639 2143 id
665 2079 879 2164 neglexerunt
900 2081 934 2145 in
957 2102 1019 2164 quo
1042 2080 1136 2144 cardo
1159 2081 1204 2145 rei
1219 2059 1295 2143 ¹ver-

131 2192 237 2256 titur.
286 2187 383 2252 Nullo
417 2189 501 2252 enim
527 2193 671 2273 tempore
692 2212 730 2254 ea
752 2191 836 2254 ratio
858 2189 999 2256 obtinuit
1020 2194 1226 2274 utrarumque
1248 2193 1296 2253 ta-

132 2303 324 2366 bernarum
338 2298 475 2381 illarum,
499 2303 536 2363 ut
557 2299 650 2363 simul
666 2300 870 2385 argentariae
885 2300 1016 2385 alterae,
1040 2301 1159 2366 alterae
1174 2300 1296 2364 fuerint

131 2433 213 2476 non
249 2408 465 2493 argentariae.
510 2409 612 2474 Immo
644 2413 813 2494 utraeque,
848 2413 881 2474 et
903 2431 984 2495 quae
1009 2411 1044 2475 in
1067 2409 1200 2476 australi
1233 2409 1294 2474 fori

131 2523 242 2606 parte
266 2519 362 2604 (quae
385 2521 497 2584 dextra
519 2524 569 2585 est
590 2543 609 2584 a
631 2519 790 2604 Capitolio
819 2521 982 2606 euntibus)
1006 2520 1179 2586 collocatae
1202 2524 1296 2583 erant

131 2635 276 2716 septem
306 2629 475 2714 tabernac,
511 2634 544 2694 et
566 2651 647 2714 quae
669 2631 704 2695 in
727 2631 983 2715 septentrionali,
1008 2653 1027 2694 a
1049 2631 1208 2715 pn'ncipio
1229 2630 1296 2694 fue-

132 2745 227 2806 runt
249 2739 458 2823 lanienae,
491 2742 541 2806 vel
576 2744 661 2804 certe
683 2741 886 2824 potissimum
907 2741 1075 2806 lanienae:
1104 2761 1167 2804 uno
1191 2743 1296 2804 autem

133 2853 326 2935 codemque
352 2855 495 2934 tempore
522 2851 600 2916 item
625 2853 779 2936 utraeque
808 2873 825 2914 e
852 2850 991 2916 lanienis
1012 2852 1120 2915 factae
1142 2852 1218 2914 sunt
1240 2869 1298 2911 ar·

131 2961 378 3048 gentariae.
423 2960 506 3025 Illud
539 2964 650 3044 aperte
683 2961 776 3025 docet
808 2959 916 3025 Livius
951 2961 1015 3036 ΙΙΙ,
1049 2961 1091 3024 48
1114 2957 1298 3043 Virginium

131 3095 289 3138 narrans
311 3079 356 3136 ad
377 3077 520 3136 laternas
541 3077 665 3151 ‘quibus
685 3093 767 3135 nunc
788 3077 897 3137 novis
918 3082 961 3135 est
983 3076 1106 3135 nomen’
1134 3074 1171 3133 ub
1192 3074 1298 3132 Iunio

129 3191 251 3251 cultro
285 3195 411 3263 arrepto
442 3181 541 3246 filiam
574 3182 726 3246 occidisse
762 3183 801 3262 (a.
825 3181 914 3265 305).
958 3179 1046 3264 Ergo
1079 3200 1135 3244 cae
1161 3195 1317 3262 quoque,·

129 3317 229 3381 quas
252 3295 289 3358 in
312 3292 557 3376 septentrionali
591 3295 682 3376 parte
711 3291 774 3355 fori
798 3290 968 3355 collocatas
991 3292 1103 3373 postea
1124 3311 1224 3354 novas
1246 3309 1300 3352 vo-

130 3407 296 3471 citarunt
329 3402 376 3486 (id
409 3403 491 3485 quod
517 3401 703 3486 planissime
727 3424 743 3465 e
765 3402 928 3466 Ciceronis
951 3400 1052 3465 Acad.
1077 3399 1119 3484 Il,
1143 3398 1299 3464 221551-

128 3517 269 3582 lectum
303 3515 362 3595 est)
398 3511 524 3576 saeculo
556 3515 672 3595 quarto
704 3512 838 3575 ineunte
872 3510 1030 3575 laniorum
1052 3511 1204 3594 fuemnt,
1233 3532 1299 3575 non

127 3623 424 3711 argentariorum,
448 3643 506 3686 nec
521 3621 596 3685 illae
622 3624 750 3686 tantum
765 3643 847 3704 quae
862 3621 1068 3686 exadversum
1084 3623 1164 3685 sitae
1187 3621 1300 3684 novis

122 3735 400 3823 opponebantur
422 3735 601 3796 veterum
623 3731 763 3796 nomine.
793 3730 898 3816 Equo
920 3753 1117 3816 consequens
1133 3733 1192 3812 cst,
1215 3727 1298 3812 quod

122 3847 188 3912 vel
216 3867 338 3932 perse
361 3865 428 3909 non
450 3845 556 3926 potest
579 3864 643 3906 non
668 3845 918 3906 consentancum
933 3843 1045 3924 videri,
1069 3842 1109 3904 ad
1131 3843 1298 3918 utramque

262 4021 354 4030 ...nn-

112 4147 181 4186 sna
204 4143 267 4184 non
285 4123 416 4182 habeant
435 4137 491 4192 quo
509 4122 673 4178 referantur.
694 4153 725 4161 -
749 4117 782 4180 V.
801 4129 831 4178 51
851 4139 930 4193 arros,
948 4117 1023 4190 quod
1041 4115 1145 4173 nnllam
1163 4111 1299 4171 ‹telonaic-

110 4243 202 4280 ncm
215 4221 334 4295 patitur
351 4231 521 4290 praegresso
534 4224 694 4274 scortorum
706 4216 838 4282 subiecto,
856 4213 1020 4268 mutandum
1033 4211 1158 4264 duximus
1171 4209 1199 4262 in
1217 4228 1298 4279 5555,

106 4317 306 4376 addendam
326 4314 427 4367 autem
447 4327 512 4365 num
530 4309 674 4378 syllabam,
694 4311 724 4363 ct
741 4327 764 4362 v.
780 4315 812 4364 5⁶2
831 4306 959 4362 assotbio
972 4307 1073 4362 baberi
1090 4301 1298 4356 adsciscendum

101 4429 184 4484 pro
203 4412 331 4470 habere.

1043 4481 1107 4546 25*
