3002 5150
228 1997 260 2046 15

783 1213 911 1324 ΧΠ.

566 1413 743 1510 Prosolie
773 1439 845 1509 voa
875 1413 1136 1532 alte1·ius.*)

777 1640 926 1650 ...----

805 1790 898 1886 La)

363 1982 532 2042 Alterius
566 1975 653 2040 vocis
682 1995 833 2064 mensura
867 1975 1024 2060 paeonica
1057 1977 1119 2042 etsi
1152 2001 1227 2043 cum
1257 2001 1421 2064 puerorum

278 2109 332 2154 ore
355 2091 424 2153 tum
445 2086 675 2172 magistrorum
697 2085 928 2150 consuetudine
954 2085 1034 2150 trita
1061 2085 1157 2152 hodie
1186 2092 1239 2155 est
1263 2094 1299 2155 et
1320 2113 1423 2176 perra-

279 2201 373 2285 gata‚
401 2201 512 2262 tamen
545 2217 609 2282 qua
642 2195 693 2261 vel
724 2195 849 2260 ratione
882 2195 1041 2261 niteretur
1079 2197 1131 2262 vel
1161 2201 1378 2284 auctoritate,
1408 2223 1424 2264 a

279 2307 371 2374 nullo
398 2307 474 2373 dum
505 2307 698 2391 explicatum
727 2308 786 2371 est.
841 2307 949 2391 Atque
976 2308 1147 2394 analogiae
1180 2310 1319 2394 quidem
1345 2311 1426 2375 illam

280 2440 462 2505 repugnare
483 2417 665 2502 prosodiam
687 2416 722 2480 in
744 2418 912 2502 propatulo
935 2421 999 2502 est3
1023 2420 1169 2503 exempla
1192 2423 1306 2486 autem
1328 2421 1427 2508 qualia

280 2530 404 2595 habent
423 2527 479 2593 isti
501 2526 699 2614 magistelli‘?
731 2526 862 2594 Scilicet
875 2528 1049 2594 versiculos
1064 2528 1236 2614 proferent
1259 2532 1301 2597 de
1317 2554 1428 2618 genere

281 2639 456 2726 dactylico,
479 2660 547 2704 non
567 2641 770 2724 reputantes,
794 2639 856 2704 hoe
875 2643 972 2724 paeto
993 2638 1091 2705 etiam
1113 2646 1204 2706 unius
1227 2650 1326 2708 solius
1347 2649 1429 2708 totius

281 2751 509 2818 vocabulorum
530 2749 711 2834 prosodiam
733 2771 825 2834 posse
845 2749 1045 2834 dactylicam
1059 2743 1306 2818 demonstrari:
1329 2776 1429 2838 quam·

281 2883 377 2948 quam
398 2861 434 2926 in
455 2859 536 2924 haec
557 2882 598 2925 ne
622 2859 733 2924 eadem
747 2860 874 2945 quidem
889 2861 1064 2926 necessitas
1088 2861 1175 2926 cadit
1196 2865 1352 2950 metrica,
1375 2887 1430 2949 qua

282 2980 410 3038 ulterius
437 2969 524 3036 vocis
551 2991 702 3034 mensura
729 2970 927 3036 ditrochaica
954 2971 1134 3036 excluditur
1162 2973 1204 3036 ab
1233 2973 1429 3040 hexametro.

282 3081 373 3160 Quod
396 3103 468 3146 cum
489 3081 536 3144 ita
557 3079 616 3164 sit,
646 3080 742 3145 etiam
764 3083 791 3146 si
819 3104 861 3147 ne
887 3104 987 3146 unum
1012 3081 1140 3167 quidem
1168 3087 1362 3170 exemplum
1385 3107 1431 3150 ax-

283 3195 384 3258 staret
404 3191 579 3276 productae
593 3189 735 3276 syllabae
750 3191 978 3276 paenultimae,
1000 3195 1109 3258 tamen
1126 3192 1182 3258 isti
1198 3196 1340 3279 quidem
1357 3193 1431 3260 nihil

283 3302 402 3368 dixisse
424 3301 618 3367 viderentur.
663 3299 746 3378 Quid
773 3303 872 3367 vero?
901 3302 983 3387 quod
1010 3303 1075 3367 iam
1097 3302 1264 3389 Aegidius
1288 3305 1432 3372 Forcelli·

284 3433 345 3476 nus
372 3412 450 3476 duos
477 3412 611 3497 protulit
638 3412 876 3478 Terentiani
904 3412 1031 3477 Mauri
1057 3435 1185 3498 versus,
1217 3416 1286 3482 viri
1321 3417 1358 3483 in
1378 3415 1432 3480 hoc

284 3543 403 3609 genere
425 3521 618 3608 gravissimi,
642 3522 777 3588 alterum
800 3545 832 3607 p.
855 3521 939 3587 2432
961 3523 1009 3588 ed.
1032 3522 1165 3590 Putsch.
1191 3522 1237 3612 [v.
1264 3527 1365 3620 2184]

570 3655 634 3716 Nec
655 3656 777 3717 alterius
798 3657 935 3736 indigens
958 3659 1024 3734 opis
1046 3656 1129 3718 reni:

352 3890 377 3958 *)
406 3887 463 3960 [Da
489 3887 564 3942 diese
592 3887 771 3958 Streitlrage,
798 3907 846 3944 um
874 3906 907 3944 zu
934 3889 1025 3946 ciuem
1051 3890 1189 3959 gewissen
1220 3893 1383 3951 Abschlura
1407 3913 1435 3949 zu

284 3982 424 4050 hommen,
440 3980 637 4037 verschiedene
656 3980 771 4038 Stadien
790 3983 840 4038 der
855 3983 1071 4053 Untersuchnng
1088 4001 1122 4037 au
1140 3983 1338 4044 durchlanfen
1353 3990 1435 4047 hatte.

285 4090 316 4129 so
338 4073 414 4129 blieb
439 4074 531 4130 nichts
560 4073 644 4144 ubrig
671 4075 712 4130 als
740 4074 828 4144 diese,
856 4077 929 4131 trata
957 4076 1006 4132 der
1033 4075 1159 4131 dadurch
1182 4078 1436 4152 horbaiget'srhrten

286 4166 406 4237 langen
423 4167 692 4238 Wiederholungcn,
711 4168 782 4224 cben
799 4185 829 4224 ao
847 4169 998 4224 successive
1015 4167 1076 4225 hier
1093 4171 1307 4244 surculamen,
1334 4177 1386 4231 aa'e
1402 4173 1436 4230 sie

286 4260 361 4316 ihrer
379 4259 440 4316 Zeit
457 4277 493 4316 an
510 4259 555 4316 die
574 4259 800 4318 Oeffentlichkeit
816 4261 931 4334 tratum]

355 4356 396 4422 **)
415 4354 484 4424 [Aue
502 4353 556 4409 den
578 4353 714 4410 ‘Schcdac
737 4354 860 4411 criticae*
885 4355 972 4425 (Halia
990 4353 1052 4414 sax.
1073 4359 1150 4426 1829)
1174 4375 1202 4430 p.
1226 4365 1345 4418 lo-ao.
1380 4361 1435 4435 vgl

360 4445 368 4463 ’
387 4444 476 4502 dieser
494 4446 633 4520 Opuscula
650 4466 677 4523 p.
696 4447 768 4522 lla]
