2980 5148
289 329 353 394 252
632 343 854 393 anossnmvu
877 343 1091 392 ennvsruvu.

373 499 419 563 In
441 491 722 563 Menaechmis.
767 499 807 562 31
830 503 1003 577 lonpnlc:
1026 495 1113 562 Men.
1136 496 1219 581 prol.
1235 495 1277 560 64
1297 501 1333 559 ab
1354 500 1418 560 urbe

289 615 351 675 han
372 612 508 688 ldnpule:
532 607 680 674 similiter
701 612 797 694 atque
812 607 896 673 Rud.
913 607 940 690 Ι,
956 607 988 690 5,
1005 608 1025 672 8
1047 607 1137 691 (266)
1152 607 1241 672 'Ilico
1261 611 1332 670 ilinc
1352 605 1418 669 inus

288 725 351 784 555
373 721 493 797 lo'npule
514 739 555 783 ex
576 722 633 785 lnic
654 727 739 798 loco,
764 719 816 784 vel
837 718 910 782 Ter.
934 715 1034 782 Haut.
1057 716 1106 800 ΙΙ,
1130 715 1160 799 2,
1187 716 1227 780 10
1248 715 1337 800 (239)
1357 721 1419 780 linc

288 835 419 908 lmrprde.
464 829 495 893 A
517 830 665 916 qualibus
686 828 850 914 profectus
873 831 923 893 est
943 827 1133 913 Appuleius.

373 937 415 1002 32
437 947 655 1005 assulatim:
677 939 765 1005 Men.
788 938 830 1022 V,
847 939 877 1022 2,
904 939 964 1004 106
987 936 1078 1023 (859)
1101 959 1196 1002 versu
1218 936 1419 1020 impeditiore,

290 1048 380 1113 55155
402 1050 594 1114 emendandi
621 1049 764 1114 simodo
797 1049 997 1134 probabilem
1024 1047 1110 1112 viam
1138 1048 1198 1112 inii
1225 1048 1261 1111 in
1293 1047 1422 1111 editione

289 1159 343 1241 (de
365 1181 537 1244 quonuno
558 1159 650 1226 valde
673 1159 810 1245 dubito),
835 1159 929 1224 debui
952 1159 1067 1224 saltem
1091 1156 1132 1245 [ct
1152 1156 1324 1247 concidam]
1348 1160 1422 1222 desn-

289 1275 373 1333 latim
395 1276 432 1333 ei
451 1271 580 1334 anema.
623 1269 744 1334 Iterum
772 1272 868 1354 poeta
895 1268 988 1353 (lapi.
1012 1267 1069 1351 IV,
1093 1268 1124 1351 2,
1153 1268 1195 1333 52
1224 1266 1315 1352 (832)
1343 1267 1423 1331 Pn'ns

289 1399 378 1458 quam
398 1386 549 1459 pultando
570 1383 726 1445 dssnlntim
750 1383 870 1457 so'ribus
891 1381 1016 1444 exitiim
1039 1384 1127 1442 dubo.

373 1488 415 1553 33
437 1494 659 1570 derepente:
682 1489 770 1555 Men.
793 1489 833 1572 V,
857 1490 894 1572 2,
922 1489 980 1552 121
1004 1488 1094 1574 (874)
1119 1493 1160 1552 Ei
1179 1490 1345 1568 derepente
1364 1489 1423 1550 tin·

289 1609 336 1663 tus
363 1603 484 1664 morbrrs
509 1601 627 1664 incidit.
670 1599 760 1664 Idem
787 1599 973 1664 adverbium
1001 1597 1253 1684 glossographus
1281 1597 1423 1681 potuita

288 1707 384 1772 Most.
407 1707 452 1792 Π,
474 1709 505 1792 2,
528 1710 569 1774 51
593 1709 684 1797 (488)
706 1713 829 1774 notare.
1061 1787 1065 1796 Ι
1269 1697 1277 1712 ’

373 1817 419 1882 Ι5
440 1817 702 1884 Mostellaria.
728 1820 770 1884 34
780 1825 1085 1900 pollucibiliter:
1107 1817 1203 1883 Most.
1216 1817 1243 1900 Ι,
1260 1821 1290 1900 1,
1307 1819 1348 1883 23
1362 1819 1424 1882 iliis

289 1935 445 2008 noctisque
465 1929 570 2008 bibite,
598 1933 860 2009 perpraecdmini:
889 1930 1009 1994 Amicos
1030 1935 1132 2007 emite,
1155 1930 1301 1993 liberate.-
1318 1930 1425 2008 piscite

290 2039 462 2104 Parasitos:
484 2041 626 2104 obsondte
641 2042 871 2120 pollucibiliter.
914 2039 1009 2105 Vnde
1030 2061 1123 2103 suum
1144 2037 1223 2102 illud
1241 2043 1342 2114 bibite,
1362 2058 1424 2118 per·

287 2155 481 2226 praecamini
496 2155 715 2228 pollucibiliter
729 2154 892 2233 sumptum
913 2148 1103 2233 Fulgentius
1119 2147 1222 2232 Myth.
1239 2147 1266 2232 I,
1286 2148 1307 2212 2
1330 2167 1424 2212 errore

291 2258 330 2322 od
347 2256 518 2342 Epidicum
532 2259 672 2324 rettulit:
700 2261 731 2324 id
751 2260 834 2345 quod
851 2260 982 2324 minime
1003 2258 1424 2346 perspexerunttlexiaogre

287 2367 346 2452 phi
366 2367 478 2433 nostri.

374 2477 417 2543 35
439 2483 630 2546 donicum:
653 2481 748 2547 Most.
771 2481 798 2566 Ι,
821 2482 852 2564 2,
876 2481 918 2546 35
941 2480 1047 2567 (116);
1070 2480 1142 2546 vide
1165 2481 1205 2544 ad
1229 2484 1249 2562 ξ
1273 2483 1307 2546 4.

374 2588 416 2652 36
438 2601 596 2656 eatenus
617 2590 867 2677 glossographus
890 2592 1050 2675 excerpsit
1071 2613 1088 2655 e
1111 2590 1331 2656 Mostellariae
1351 2591 1376 2675 Ι,
1397 2590 1423 2670 2,

290 2697 333 2762 50
354 2698 456 2783 (131),
479 2699 535 2763 ubi
557 2699 641 2764 idem
664 2723 723 2765 nos
744 2700 839 2766 hodie
860 2701 894 2766 in
909 2701 1068 2766 Palatinis
1089 2701 1239 2786 legimus,
1263 2703 1331 2766 nisi
1351 2701 1424 2786 quod

290 2806 353 2872 levi
379 2809 515 2894 vestigio
539 2809 679 2895 aliquam
707 2812 921 2896 corruptelam
943 2811 1044 2876 Vetus
1072 2811 1180 2895 prodit
1206 2832 1227 2873 5
1248 2811 1424 2876 litterame

291 2922 472 2984 correctura
493 2918 626 2985 habene.
672 2923 804 2986 Atenim
831 2943 892 2986 nec
919 2921 1083 2986 notionem
1104 2921 1194 2986 illam
1216 2920 1286 2986 fert
1308 2925 1423 2986 senten·

289 3028 347 3111 tia,
370 3050 430 3093 nea
452 3029 584 3094 omnino
612 3032 660 3095 vel
688 3045 811 3098 eatenus
839 3032 888 3096 vel
916 3037 1063 3096 hactenns
1091 3031 1141 3095 vel
1169 3043 1324 3110 quatenus
1345 3053 1424 3096 voca-

290 3137 366 3202 bula
394 3138 546 3205 Plautina
572 3141 686 3226 lingua
712 3141 851 3226 novit.*)
896 3140 984 3217 Quae
1017 3163 1089 3205 cum
1122 3135 1222 3206 etiam
1237 3137 1241 3144 ’
1255 3141 1422 3227 simplicem

291 3257 377 3312 tenus
398 3248 533 3314 formam
555 3251 693 3337 ignoret,
717 3252 800 3316 ratio
822 3255 912 3337 patet
928 3274 984 3318 our
997 3273 1094 3335 supra
1117 3252 1171 3335 (ad
1194 3253 1289 3338 §32)
1313 3251 1423 3317 adhibi·

290 3359 359 3420 tam
381 3359 457 3424 olim
479 3361 760 3427 Menaechmorum
782 3363 954 3428 versasse
976 3361 1235 3427 emendationem
1257 3385 1347 3428 nunc
1368 3383 1423 3426 non

290 3467 392 3532 tueor.
436 3469 476 3533 ln
498 3469 693 3537 Mostellaria
715 3473 816 3558 igitur
837 3495 902 3538 non
925 3495 996 3536 sum
1018 3471 1136 3536 veritus
1163 3485 1319 3553 protenus
1345 3494 1423 3556 repo
1479 3559 1480 3562 Ἴ

290 3599 378 3661 nere,
401 3579 440 3642 de
461 3601 523 3664 qua
544 3580 647 3646 forma
668 3582 788 3647 dictum
811 3583 922 3647 estad
945 3587 964 3664 8
989 3584 1039 3648 15.
1157 3599 1162 3607 ·

375 3697 416 3762 37
443 3701 593 3775 fartim.
630 3701 694 3767 Hic
718 3723 843 3786 quoque
869 3701 1137 3787 glossographum
1161 3700 1283 3767 fefellit
1317 3703 1422 3770 oodicis

291 3807 450 3892 scriptura
468 3807 528 3890 sui,
550 3831 631 3894 quae
648 3812 759 3877 eadem
776 3816 825 3877 est
840 3815 935 3897 atque
952 3812 987 3876 in
1007 3810 1167 3876 Palatinis
1186 3813 1320 3878 nostris.
1349 3813 1422 3878 Nan

291 3918 331 3983 ab
358 3919 428 4004 ipso
449 3922 546 4004 poeta
567 3923 653 3984 certo
675 3923 792 3987 certius
814 3923 863 3986 est
886 3920 1064 4006 profectum
1091 3943 1160 3985 esse
1182 3921 1326 3989 Mostell.
1345 3923 1375 4006 Ι,
1395 3923 1420 3989 3.

292 4030 331 4094 13
348 4029 439 4115 (169)
462 4035 530 4096 Non
545 4033 654 4096 ve'stcm
669 4045 807 4098 amantes
820 4034 955 4098 mitteris
970 4034 1087 4109 nmdnt,
1111 4037 1166 4096 scd
1181 4041 1270 4098 uestis
1287 4037 1419 4111 fdrtum.

358 4269 384 4334 *)
413 4267 506 4323 Vnum
533 4272 690 4326 istcctenus
717 4286 779 4323 sero
806 4269 920 4324 memini
946 4269 1030 4324 semel
1057 4267 1131 4338 apud
1158 4268 1292 4325 Plautum
1324 4275 1420 4326 555555

291 4357 390 4418 Bacch.
409 4361 430 4430 Ι,
448 4369 472 4432 a,
490 4367 523 4416 60
541 4364 612 4432 (168)
621 4361 711 4420 'istic
729 4373 811 4421 tenus
830 4366 892 4432 tibi,
912 4367 1001 4442 Lide,
1020 4361 1140 4423 libertis
1157 4365 1255 4426 datast
1274 4365 1419 4425 Orcitionis.
