2996 5148
257 359 346 422 424
633 371 849 448 vauruoavm
878 369 1066 420 uunvmun.

283 525 524 592 induxerimus?
546 525 657 590 eadem
680 547 808 609 prorsus
830 524 989 590 vocalium
1011 526 1190 591 mutatione
1205 548 1267 611 qua
1282 549 1298 592 e
1312 547 1408 591 carrusa

283 643 412 704 claudus
443 643 587 702 claudere
611 640 770 714 fraudare
797 637 885 700 facta
921 638 997 700 sunt
1025 657 1188 702 accussare
1218 643 1324 702 clulius
1355 643 1409 700 clu·

284 755 356 812 dere
383 750 555 826 defrudare
579 735 713 824 frustra.
759 746 827 811 Nec
855 747 989 828 mirum,
1023 769 1096 811 cum
1124 747 1230 831 prisca
1261 749 1360 810 aetate
1385 750 1411 810 et

285 867 380 924 uranei
400 861 432 922 ct
454 877 575 922 naueae
592 831 805 940 boniberetur,
830 858 986 921 mansisse
1008 855 1167 922 duriorem
1189 879 1303 922 sonum
1323 857 1356 921 iu
1375 856 1412 920 al·

284 975 369 1049 lero,
398 968 434 1032 in
462 967 562 1030 altero
591 967 722 1031 cessisse
749 966 901 1048 molliori,
937 968 1066 1052 quando
1101 971 1133 1032 et
1160 981 1279 1033 aenium
1306 973 1415 1033 iucenri

286 1085 384 1146 uicem·
413 1085 535 1143 triciens
562 1082 595 1141 ct
621 1081 731 1141 tamen
760 1083 980 1156 quadrinaenti
1007 1084 1152 1158 nonqenli
1172 1085 1281 1157 ulainli
1300 1085 1415 1157 eripiam

286 1213 358 1256 cum
380 1187 535 1252 similibus
557 1187 704 1271 probavit
727 1187 931 1271 consuetudo,
955 1187 1130 1272 parilisque
1153 1188 1368 1252 inconstantia
1387 1188 1416 1250 in

285 1301 403 1366 eisdem
425 1299 504 1363 adeo
527 1298 752 1363 vocabulorum
773 1298 885 1362 formis
908 1299 1034 1363 duravit
1055 1301 1093 1363 ut
1114 1305 1253 1364 curculio
1273 1305 1416 1378 auraulio,

286 1417 439 1476 Cormalos
456 1415 624 1490 eumelus,
647 1415 770 1488 neeleao
784 1415 928 1488 nepleao:
952 1409 1043 1494 (nam
1065 1431 1146 1494 quac
1169 1407 1234 1475 alia
1257 1409 1341 1493 apud
1355 1407 1418 1472 Fes-

284 1527 354 1587 tum
375 1520 576 1606 potissimum
599 1522 743 1602 exstant,
776 1523 1023 1584 commemorata
1046 1543 1065 1584 a
1086 1519 1241 1584 Muellero
1263 1543 1298 1604 p.
1313 1519 1368 1602 23,
1391 1521 1420 1582 ut

239 1647 266 1696 ιν
285 1641 385 1698 clama
412 1637 531 1714 alana,
560 1634 719 1695 elucidare
744 1637 921 1709 planitiam,
952 1651 1014 1714 quo
1041 1636 1233 1710 quincentum
1262 1629 1420 1694 accedite

285 1766 317 1827 p.
340 1741 419 1824 254,
448 1741 500 1823 20,
535 1740 604 1823 ipso
638 1741 751 1806 aetatis
779 1739 949 1804 intervallo
982 1740 1121 1804 discreta
1155 1761 1224 1804 asse
1258 1739 1420 1820 uidentur).

287 1859 455 1918 rl'aueum
486 1854 592 1914 autem
620 1871 678 1933 pro
707 1871 741 1913 re
764 1855 854 1915 nibili
880 1850 942 1914 dici
971 1853 1062 1914 extra
1092 1851 1345 1915 controversiam
1371 1855 1421 1931 est,

287 1965 353 2028 sive
376 1962 416 2025 ab
432 1960 520 2026 oleae
542 1960 673 2025 nucisve
696 1959 858 2045 iuglandis
886 1959 1039 2024 interiore
1062 1961 1316 2044 dissaepimento
1337 1983 1422 2025 mem-

287 2077 446 2160 branaceo
474 2071 540 2136 sive
568 2093 587 2134 a
615 2070 711 2134 simili
739 2070 898 2154 particula
924 2071 1020 2136 fabae
1053 2091 1157 2156 grano
1186 2070 1423 2136 inhaerescentia

288 2184 354 2249 sive
376 2205 395 2246 a
418 2181 632 2266 quammlibct
653 2202 758 2244 rerum
780 2181 947 2265 putamine
977 2180 1122 2264 prosecta
1145 2183 1196 2246 est
1216 2181 1309 2246 vocis
1331 2182 1423 2245 notio:
1493 2203 1494 2212 ¹

288 2317 363 2359 nam
379 2293 417 2356 de
436 2293 497 2356 hoc
512 2294 732 2356 controversas
747 2313 825 2356 sane
841 2290 1125 2376 grammaticorum
1147 2293 1330 2356 sententias
1352 2290 1425 2376 apurl
1493 2345 1494 2348 ,

288 2405 418 2469 Festum
439 2425 471 2486 p.
499 2401 558 2466 166
580 2401 773 2484 compositas
795 2401 911 2485 habes,
935 2423 1088 2486 suamquc
1110 2401 1350 2466 dubitationem
1370 2401 1426 2465 iam

287 2514 456 2579 Plautinus
479 2511 620 2576 servolus
648 2511 888 2596 significaverat
910 2511 1155 2596 grammaticum
1179 2533 1284 2597 agens
1308 2512 1426 2577 Mostel-

288 2625 387 2689 lariae
409 2646 439 2688 v.
465 2622 562 2714 10413
599 2624 656 2696 Oui
681 2627 768 2688 boma
796 2625 919 2688 timidus
945 2629 1004 2686 erit
1031 2629 1061 2688 in
1089 2627 1179 2688 rebus
1202 2627 1322 2702 dubiis)
1347 2627 1430 2688 nauci

288 2757 348 2802 nan
380 2741 452 2798 eril:
469 2739 586 2812 ‚Aeque
607 2739 743 2811 equidem
772 2738 847 2814 quill
874 2738 907 2797 ia
933 2753 995 2798 esse
1024 2739 1124 2798 dicam
1154 2739 1281 2799 uerbum
1311 2739 1427 2798 ‘nauci’

289 2853 399 2912 neseio.
444 2842 650 2908 Affinitatem
679 2846 786 2907 autem
814 2843 979 2926 utriusque
1007 2847 1040 2906 et
1067 2843 1215 2907 vocabuli
1238 2847 1273 2908 et
1296 2843 1430 2910 notionis

290 2957 386 3042 plane
405 2957 543 3020 testatur
558 2951 727 3018 Ennianus
743 2953 827 3037 apud
841 2951 972 3017 Festum
994 2953 1153 3018 senarius:
1178 2959 1249 3026 illie
1271 2957 1319 3019 e'sl
1341 2975 1430 3034 nuna-

289 3073 337 3125 lor
367 3061 471 3138 niani,
506 3084 566 3128 non
595 3064 713 3128 naucrsl
741 3070 844 3129 bomo:
881 3063 936 3128 ubi
965 3063 1157 3128 servandum
1179 3063 1271 3148 prius
1294 3077 1339 3130 esi
1361 3062 1431 3128 illul

290 3170 447 3256 duximus,
471 3173 554 3257 quod
576 3173 703 3238 induxit
725 3173 863 3238 Ioannes
885 3171 1050 3238 Vahlenus
1072 3175 1184 3237 noster
1211 3197 1244 3258 p.
1274 3175 1346 3240 154.
1389 3175 1430 3238 Αο

292 3282 393 3346 sensit
422 3305 492 3347 cam
516 3283 709 3348 affinitatem
732 3285 830 3348 ctiam
852 3284 981 3348 annius
1003 3283 1208 3369 Philologus,
1234 3308 1371 3352 naucum
1392 3284 1431 3348 di·
1492 3359 1493 3381 Χ

293 3412 368 3456 cens
386 3400 464 3472 poni
480 3415 540 3475 pra
559 3401 657 3479 anais,
681 3393 763 3458 nihil
785 3397 894 3459 tamen
917 3393 955 3458 dc
978 3416 1053 3459 vera
1077 3394 1274 3478 cognatione
1299 3396 1432 3482 suspica·
1492 3385 1493 3454 l

292 3503 343 3564 tus
365 3504 402 3566 ut
425 3503 558 3569 videtur.

376 3611 467 3676 Haec
489 3607 611 3698 autem,
640 3615 843 3700 quantumvis
865 3615 1002 3680 fortasse
1023 3614 1236 3700 probabiliter
1259 3617 1433 3702 disputata,

291 3745 483 3808 numquam,
514 3724 648 3808 credite,
678 3725 843 3790 vobiscum
876 3715 1139 3790 communicanda
1168 3729 1377 3810 putassemus
1399 3765 1434 3776 -

291 3833 388 3898 nimis
411 3833 497 3898 enim
519 3834 569 3898 vel
591 3835 680 3900 facili
702 3837 752 3900 vel
773 3835 837 3900 levi
860 3837 1042 3902 coniectura
1071 3835 1167 3900 nimis
1190 3837 1296 3902 multa
1320 3838 1357 3903 in
1380 3839 1434 3902 hoc

291 3964 410 4027 genero
432 3943 528 4008 nimis
549 3944 672 4010 lubrico
694 3944 858 4030 luduntur,
882 3968 963 4030 quac
984 3947 1050 4011 dics
1066 3945 1129 4010 diei
1144 3945 1308 4012 abolenda
1330 3949 1434 4013 trallat

291 4093 334 4104 -
355 4055 418 4118 nisi
439 4076 505 4118 non
527 4077 620 4138 posse
643 4059 771 4120 tantum
793 4056 839 4120 ita
862 4077 946 4142 csse,
971 4056 1025 4120 scd
1048 4077 1116 4120 esse
1138 4077 1252 4140 reapse
1276 4061 1331 4122 sat
1354 4063 1435 4124 certo

292 4167 451 4230 videretur
473 4165 684 4230 demonstrari
706 4187 810 4252 posse.
854 4167 891 4230 ln
915 4171 1065 4252 promptu
1087 4167 1174 4230 enim
1196 4170 1290 4249 sunt,
1324 4169 1435 4254 quibus
1491 4193 1492 4202 ¹

293 4297 405 4358 parum
427 4274 566 4340 tribuere
588 4275 740 4340 multiscii
762 4277 1005 4362 etymologistae
1027 4276 1128 4340 nostri
1151 4275 1269 4360 solent,
1293 4279 1436 4344 testimo
1491 4289 1492 4373 l

293 4385 362 4447 nia:
385 4405 486 4468 pauca
509 4385 622 4469 fateor,
646 4386 702 4450 sed
723 4387 833 4450 tamen
853 4389 1009 4469 quantum
1034 4385 1121 4450 satis.
1151 4385 1308 4452 Testatiu
1333 4393 1437 4454 alitem
1491 4377 1492 4438 l
