2996 5148
178 427 179 432 Ἰ
295 337 357 402 398
602 353 875 408 suusnsmouus
897 355 1131 406 uuncsroms.

219 543 230 566 .
257 529 265 542 ·
295 511 440 592 quartum
463 505 551 572 hune
572 531 698 574 versum
721 513 818 575 Simul
837 515 939 578 inient
960 515 1130 590 suspiritus,
1155 513 1207 572 uin
1228 511 1335 585 suffero
1354 508 1408 567 irer-

295 625 340 682 eie
361 623 525 684 anhelitum
555 621 615 702 (sis
643 622 729 686 enim
756 621 810 685 ille
839 621 1039 705 scribendus)
1068 619 1145 683 hine
1173 619 1329 700 demptum
1346 615 1409 678 imi·

296 730 415 792 ciamus
437 734 511 820 posi
533 752 561 794 v.
580 731 619 794 14
642 729 740 820 [123]‚
764 753 830 796 non
852 735 926 816 posi
947 732 986 796 13
1009 751 1081 794 cum
1104 729 1267 813 scaligero
1287 725 1333 792 vei
1353 747 1411 789 eum

295 837 451 904 Seriverio
473 843 546 922 post
564 841 611 904 15.
643 839 751 905 Vnum
772 842 851 905 illud
873 862 960 906 nune
976 840 1168 924 quaerimus,
1191 839 1314 922 qualem
1334 839 1412 920 poem

295 953 443 1032 quartum
465 949 602 1034 dederit,
634 951 668 1014 in
691 973 753 1036 quo
775 951 868 1015 nihili
890 973 959 1016 esse
982 951 1064 1037 quod
1086 949 1161 1014 inde
1184 967 1203 1012 a
1225 947 1338 1032 Pylade
1357 945 1413 1008 Bu-

295 1060 397 1123 xiensi
419 1063 617 1144 propagatur
635 1067 816 1142 pienissnme
836 1083 896 1140 eos,
920 1061 1017 1125 fusile
1037 1063 1086 1124 esi
1108 1059 1148 1124 ad
1170 1055 1413 1143 intellegendum.

293 1168 375 1244 Qum
399 1169 483 1234 enim
505 1169 675 1235 locutionis
697 1171 774 1236 illud
797 1176 846 1236 esi
867 1172 997 1236 tandem
1014 1177 1188 1250 plerissime
1210 1175 1351 1250 aspeiiere
1370 1166 1416 1230 ali-

294 1301 387 1363 quem
409 1281 459 1346 vel
482 1287 658 1361 detrudere,
684 1288 848 1348 deturbare
875 1290 907 1347 in
929 1281 1032 1346 vium?
1075 1279 1144 1345 Nee
1166 1279 1271 1365 magis
1292 1277 1417 1363 proiecto

294 1393 367 1474 apis
390 1393 446 1454 aui
467 1392 583 1456 usitate
606 1392 656 1456 vel
673 1400 850 1474 planissime
872 1391 920 1456 vel
938 1397 1125 1472 penitissime
1145 1390 1197 1455 vel
1220 1390 1297 1454 adeo
1315 1394 1417 1468 paenis·

292 1507 365 1564 sime
396 1501 513 1584 aspelli-
544 1501 711 1566 adversum
740 1505 852 1567 eunies
892 1501 1054 1566 dicentur:
1090 1500 1129 1564 de
1157 1499 1275 1584 quibus
1306 1499 1419 1564 vocibus

294 1610 450 1675 Lambino
472 1611 551 1674 duee
573 1611 628 1676 alii
651 1613 845 1698 cogitarunt.
890 1611 959 1687 Quo
986 1609 1110 1676 accedis
1136 1609 1220 1695 quod
1238 1603 1291 1674 'ne
1311 1609 1419 1672 numeri

294 1721 420 1806 quidem
443 1721 556 1786 horum
571 1723 740 1808 quiequam
762 1723 945 1808 patiuntur:
968 1721 1171 1806 quibuscum
1185 1719 1421 1806 transpositione

294 1832 461 1896 verborum
483 1854 534 1897 eos
550 1841 752 1915 paenissume,
775 1855 826 1898 eos
838 1839 1019 1914 plenissnme
1034 1833 1113 1896 sniis
1128 1831 1196 1895 fieri
1214 1830 1347 1895 Bothius
1362 1850 1420 1892 eum

296 1941 420 2024 Guyeto
447 1941 634 2026 voluerunt,
664 1966 683 2008 a
709 1945 863 2009 librorum
890 1943 1043 2006 memoria
1071 1962 1200 2024 prorsus
1224 1941 1420 2006 desciverunt.

295 2051 348 2116 sic
370 2053 455 2116 enim
478 2053 643 2118 sciendum
667 2057 716 2118 est
737 2055 772 2118 in
788 2054 916 2138 opiimis
939 2053 1094 2134 seriptum
1109 2073 1193 2116 esse:
1218 2057 1317 2118 Simul
1338 2061 1422 2116 nutem

293 2166 502 2240 plenissimetis
528 2170 594 2243 qui:
632 2165 716 2248 quod
744 2164 779 2228 in
811 2186 875 2228 unu
903 2162 1049 2248 principe
1077 2161 1218 2226 editione
1246 2161 1372 2226 transiit
1396 2161 1423 2222 in

292 2278 463 2350 plenissime
484 2278 522 2336 iis
536 2281 598 2354 qui.
630 2273 724 2339 Vnde
745 2295 836 2338 suam
852 2273 966 2338 Plauto
989 2255 1185 2357 elegantiam
1208 2277 1298 2338 reete
1319 2271 1424 2356 dispes-

294 2380 336 2449 iis
359 2381 489 2466 syllabis
512 2383 558 2448 sie
580 2383 707 2448 reddes:

358 2523 453 2583 Simul
477 2528 586 2598 autem,
610 2526 732 2601 plenis
756 2525 904 2586 semitis
928 2525 1155 2602 quietissimum
1179 2529 1265 2600 eunt,
1289 2523 1424 2600 sspiiliio.

357 2609 500 2683 Demissis,
527 2610 655 2670 deturba
678 2613 709 2670 in
733 2613 827 2672 viam:

294 2737 325 2802 h.
350 2761 377 2803 e.
400 2739 484 2804 ultro
507 2741 648 2825 citroque
672 2743 918 2808 commeantium
946 2763 1102 2806 concursu
1125 2741 1265 2825 crebris,
1293 2743 1426 2824 frequen·

293 2849 378 2913 tibus
401 2851 533 2932 semitis,
558 2851 703 2916 similiter
726 2857 821 2937 sique
842 2853 960 2930 Caesar
981 2858 1070 2917 simul
1090 2851 1197 2935 inquit
1219 2855 1429 2916 animaduersis

293 2965 387 3024 merita
409 2967 540 3041 undique
560 2969 684 3040 periuri
704 2975 795 3042 nique
817 2970 871 3042 epi
894 2969 1075 3043 plenissimis
1096 2967 1160 3038 viis,
1185 2983 1269 3042 quae
1291 2965 1431 3042 repentini
1488 2983 1489 3054 p

293 3077 436 3136 memmius
458 3078 563 3138 timore
583 3093 623 3136 es
650 3079 736 3152 npris
762 3079 794 3137 in
823 3078 924 3137 urbem
951 3075 1155 3149 conserentur
1182 3071 1223 3135 de
1246 3071 1334 3136 bello
1357 3069 1430 3135 civili

292 3179 410 3261 11,25.
455 3181 555 3246 Recte
588 3186 695 3247 autem
723 3185 756 3246 ei
785 3183 871 3246 erei
898 3183 1032 3263 serimus
1060 3182 1229 3246 adversum
1260 3185 1374 3246 eunus
1400 3179 1432 3242 de

256 3329 260 3336 ·
294 3291 407 3353 semita
429 3290 511 3356 deici
533 3293 568 3356 in
591 3293 675 3358 viam
698 3292 776 3376 diei,
806 3291 1006 3356 Curculioniis
1035 3313 1152 3357 scaena
1180 3295 1325 3356 testatur
1346 3292 1433 3371 longi

293 3399 455 3464 simillima
475 3402 518 3486 ΙΙ,
542 3404 578 3467 3:

377 3557 455 3616 Distu
476 3560 555 3619 vium
578 3560 651 3620 mihi
672 3561 738 3619 noti
760 3561 868 3638 ignoti,
894 3559 965 3618 dum
988 3579 1043 3636 ego
1066 3559 1115 3618 hie
1137 3559 1276 3619 silicium
1300 3579 1397 3620 meum

379 3643 484 3702 Facio:
508 3645 604 3722 fugite
626 3665 738 3720 omnes,
761 3646 842 3704 abite
865 3647 895 3704 ei
918 3646 954 3703 de
976 3645 1025 3703 viu
1048 3644 1191 3718 decedito,

378 3727 425 3786 Ne
455 3747 543 3804 quom
571 3731 602 3788 in
633 3751 719 3790 eursu
744 3731 841 3805 eapite
864 3731 916 3789 nui
938 3729 1039 3788 cubito
1062 3732 1261 3804 suspectum
1294 3730 1433 3790 offendam
1469 3730 1472 3740 '

379 3895 426 3958 lta
448 3915 528 3958 nune
542 3897 642 3958 subito
666 3917 792 3976 propere
808 3904 839 3957 ut
853 3816 957 3958 mliii*t
970 3833 1150 3958 iiiiiimmst
1172 3899 1250 3958 mihi
1274 3901 1434 3978 negotium.
1486 3957 1487 3960 ,

293 4105 360 4160 satis
389 4107 432 4160 vel
459 4108 600 4161 assecutos
623 4123 683 4160 esus
706 4107 748 4160 vel
771 4106 935 4176 pensiimsss.
972 4102 1045 4171 Ques
1069 4104 1162 4173 aliqum
1184 4121 1218 4158 ex
1248 4109 1336 4176 parte
1362 4103 1436 4174 expli-

294 4199 353 4254 euvi
372 4199 398 4253 in
417 4197 498 4253 huius
516 4199 660 4253 voluminis
678 4199 872 4254 disseruniione
889 4199 914 4252 X
935 4218 962 4269 p.
976 4199 1001 4254 V
1013 4217 1054 4266 sq.
1080 4197 1260 4265 Quamquam
1280 4217 1346 4255 sero
1363 4199 1437 4254 rideo

294 4293 378 4345 stiam
397 4291 563 4368 considerrmi
575 4291 664 4366 virum
681 4291 776 4360 iudicii
788 4292 937 4346 Brixium
958 4291 1024 4344 mihi
1044 4290 1185 4346 adversari
1203 4289 1435 4360 philologieis

294 4401 321 4452 r·
340 4385 412 4454 ⁶⁵0]
