3002 5146
231 381 291 444 196
521 395 590 441 nna
613 381 820 442 asinisque
842 394 1073 442 samuesasn:

556 551 638 622 Quae
660 557 723 612 tem
745 554 799 611 diu
820 554 912 612 vidue

555 637 629 698 Viro
652 639 705 697 sae
729 639 834 696 caruit.

554 724 633 782 Nam
654 742 709 782 nos
732 724 795 781 eius
818 723 949 780 animum
971 755 1012 762 —-

227 889 256 953 d.
281 889 313 952 h.
343 887 487 952 offenbu‘r
514 887 561 952 als
589 886 804 952 Ohoriemben
832 887 892 949 mit
923 884 1135 969 zweisilbiger
1163 884 1273 968 Bosis,
1314 887 1387 950 wie

226 998 280 1062 ich
302 999 369 1062 dies
391 997 492 1062 durch
514 997 565 1061 die
588 997 676 1061 Ictus
699 997 903 1081 angedeutct.
934 995 999 1059 Ein
1022 995 1158 1064 enderer
1179 993 1273 1059 hiitte
1297 997 1388 1059 viel-

227 1107 326 1173 leicht
349 1109 533 1192 Glyconeen
556 1108 671 1172 111111
693 1105 859 1191 gemacht:

557 1264 652 1324 Credo
676 1284 732 1342 ego
754 1265 908 1336 miseram,
932 1283 1031 1334 soror,

556 1351 660 1410 Fuisse
681 1349 864 1424 Penelopam
887 1368 940 1407 suo

555 1435 600 1493 Ex
623 1435 737 1507 animo,
762 1453 838 1510 quae
861 1436 924 1491 tem
945 1434 997 1492 diu

555 1519 656 1577 Vidua
678 1539 733 1578 suo
757 1518 852 1577 caruit
874 1519 949 1577 viro.

226 1667 325 1732 Dann
345 1666 456 1750 fulgen
483 1667 528 1729 im
556 1665 749 1750 Palimpsest
776 1666 844 1730 drei
866 1664 966 1728 Verse
994 1666 1054 1728 mit
1081 1665 1138 1728 der
1166 1667 1389 1731 monsuesen

227 1777 555 1862 Zusemmensetzung
577 1799 633 1840 aus
656 1775 749 1840 sechs
770 1776 905 1840 Iamben
927 1774 993 1839 und
1015 1776 1120 1838 einem
1143 1775 1335 1858 Spondeus:

311 1953 355 2010 De
377 1952 487 2010 aestuis
511 1951 598 2010 factis
620 1952 784 2020 noscimus
809 1954 936 2026 quarum
958 1950 1015 2009 viri
1037 1947 1281 2028 11111111111,

311 2036 504 2111 Quocumque
526 2055 581 2094 nos
602 2037 734 2112 negotiis
757 2036 942 2106 absentium,
966 2035 1009 2092 ite
1030 2029 1089 2114 111
1110 2041 1289 2110 aequomst,

312 2119 466 2179 sollicitae
488 2121 602 2180 noeteis
625 2125 655 2179 et
678 2122 755 2194 dies,
780 2122 879 2193 soror,
902 2139 1004 2178 sumus
1024 2115 1028 2196 l
1048 2139 1174 2194 semper.

227 2284 288 2348 Die
322 2283 480 2348 niichsten
508 2283 609 2348 Verse
646 2289 778 2349 worden
811 2282 1020 2348 sichtbarlich
1055 2283 1108 2348 fiir
1140 2285 1389 2367 anapestische

228 2393 418 2458 Monumetri
442 2416 649 2480 genommen:

558 2553 703 2611 Nostrum
725 2553 858 2612 officium

555 2637 619 2695 Nos
643 2638 738 2696 fecere
761 2641 933 2713 aequomst,
986 2710 988 2714 Ι

556 2722 662 2796 Neque
684 2723 715 2780 id
737 2723 834 2799 megis
858 2722 983 2780 fecimus
1005 2753 1047 2762 -

228 2869 292 2933 und
309 2869 344 2932 in
359 2869 585 2952 eneptstische
601 2868 739 2933 Dimetri
760 2869 804 2932 ist
826 2868 903 2932 alles
919 2866 1098 2952 abgetheilt
1113 2888 1176 2932 von
1193 2867 1234 2933 V.
1253 2869 1301 2934 20
1323 2895 1390 2938 an:

473 3026 548 3102 Spes
571 3029 616 3086 est
639 3047 706 3085 eum
728 3027 834 3085 melius
857 3027 1006 3084 ficturum

228 3139 277 3202 bis
300 3139 339 3204 V.
362 3141 421 3206 28:
486 3139 490 3147 ⁴

471 3265 576 3342 Neque
599 3265 784 3340 perticipant
806 3283 860 3324 nos
882 3267 980 3340 neque
1002 3264 1144 3322 redeunt:

229 3410 299 3472 eine
322 3409 539 3494 Abtheilung,
569 3412 689 3476 welche
717 3411 786 3476 sich
813 3412 930 3497 gerade
953 3433 988 3476 so
1011 3411 1054 3474 im
1076 3411 1249 3477 Palatinus
1274 3413 1393 3482 Vetus

229 3517 375 3583 erhalten
397 3519 454 3583 111
476 3521 541 3584 und
568 3543 623 3584 eus
651 3521 718 3585 ihm
745 3522 781 3586 in
808 3544 923 3586 ansere
945 3520 1087 3606 Vulgate
1116 3521 1393 3610 iibergegangen

228 3629 280 3692 ist.
326 3627 444 3692 Dieseu
467 3630 644 3715 regellosen
670 3631 885 3696 Mischmasch
914 3654 976 3695 von
1000 3631 1229 3715 Versmaszen,
1262 3620 1395 3702 dess’en

227 3737 439 3823 Mittheilung
460 3739 621 3805 vielleicht
648 3743 818 3807 mauchem
840 3741 914 3806 sehr
935 3741 1137 3806 erwtinschte
1159 3741 1294 3808 Waffen
1326 3769 1398 3810 zur

227 3848 488 3934 Vertheidigung
502 3849 707 3917 Bothe’soher
721 3851 996 3937 Versebtheilung
1018 3852 1052 3916 in
1075 3852 1126 3916 die
1148 3851 1270 3916 Hande
1294 3857 1396 3940 gibt,

226 3959 283 4022 het
305 3959 450 4024 offenber
478 3961 606 4046 Angelo
633 3962 700 4026 Mei
721 3964 765 4026 im
796 3962 895 4028 Sinne
925 3962 1061 4047 gehebt,
1097 3962 1144 4025 uls
1173 3984 1208 4026 er
1230 3965 1395 4032 schrieb:

227 4069 327 4134 ‘Illud
360 4072 541 4155 generatim
573 4094 703 4157 moneo,
737 4095 832 4156 saepe
865 4063 974 4136 versus
1004 4073 1039 4136 in
1068 4073 1175 4136 codice
1207 4073 1248 4137 ad
1284 4075 1396 4149 alias,

228 4203 322 4264 quem
345 4182 379 4245 in
404 4182 597 4247 editionibus
619 4183 786 4264 usuvenit,
809 4183 898 4267 leges
920 4182 1070 4246 metricas
1092 4182 1204 4266 exigi.’

309 4291 367 4356 Ich
399 4291 589 4357 wiederhole
625 4292 823 4357 schliesslich
853 4292 982 4356 melnen
1014 4293 1113 4356 sehon
1148 4293 1232 4357 oben
1264 4319 1399 4382 ausge-

228 4401 427 4482 sprocheneu
461 4403 619 4486 Wuusch,
657 4402 723 4465 und
752 4403 881 4466 erlaube
908 4403 985 4484 mir,
1015 4425 1110 4466 wenu
1139 4401 1193 4467 Sic
1223 4405 1401 4476 uastam}
