3002 5146
287 375 350 438 242
626 387 849 437 ouossaswu
870 385 1085 433 suavumvu.

288 549 384 608 donec
405 563 466 622 qua
487 540 531 604 ib.
554 539 620 624 III,
643 541 675 622 5,
698 540 741 605 32
763 539 872 626 (812),
896 537 1099 622 eiusdemque
1121 537 1252 622 generis
1275 536 1407 614 Terentii,

286 651 430 716 donicum
463 650 586 715 formae
608 651 739 715 omnino
761 648 879 734 ignari,
916 647 1061 732 exempla
1083 649 1160 712 sunt
1181 647 1306 711 omnia:
1335 652 1410 710 doum

283 767 437 843 perpulit,
461 767 491 825 d.
515 766 656 846 redierit,
682 766 712 824 d.
737 766 813 836 iam,
849 763 879 822 d.
899 760 1078 838 perfecero,
1104 763 1134 821 d.
1159 762 1228 820 libi:
1265 778 1325 841 quo
1348 755 1412 818 adde

288 877 385 936 donec
396 877 610 952 persenserint,
636 877 732 936 donec
754 874 880 954 retulisti
900 867 984 951 apud
997 867 1133 932 Accium
1147 889 1177 930 v.
1190 865 1242 930 26.
1261 863 1411 930 11611111.

289 979 393 1046 Semel
415 983 542 1044 tantum
564 980 766 1064 trisyllabum
787 979 925 1042 formam
946 977 1081 1042 Plautus
1106 981 1182 1041 ante
1198 979 1412 1040 consonantem

290 1090 435 1173 admisit,
470 1090 525 1155 sed
557 1090 723 1154 inversus
753 1089 855 1171 exitu,
887 1088 937 1152 oui
959 1087 1024 1151 alia
1046 1107 1115 1151 esse
1137 1085 1317 1171 singularia
1336 1086 1372 1170 (e.
1393 1105 1415 1147 c.

284 1208 429 1281 poculum
450 1207 619 1280 periculam
640 1199 775 1284 formas)
799 1219 951 1263 concessa
985 1199 1128 1279 constat,
1163 1195 1374 1259 Mostellariae
1392 1215 1415 1256 v.

241 1361 243 1369 ,
290 1331 316 1374 1.
340 1333 365 1374 s.
390 1313 527 1376 ddaicrrm
550 1313 695 1375 Pa'ricics.
741 1308 939 1393 Quamquam
962 1309 995 1370 et
1017 1309 1092 1371 ante
1114 1305 1267 1369 Plautum
1296 1311 1416 1374 donicum

291 1425 404 1485 videtis
424 1419 533 1484 Livius
556 1419 638 1483 dixit
659 1419 743 1504 apud
756 1416 936 1484 Oharisium
958 1439 989 1500 p.
1015 1416 1074 1480 197
1090 1414 1131 1479 K.
1155 1417 1189 1478 et
1210 1419 1337 1498 praeter
1356 1433 1415 1496 poe
1481 1455 1482 1468 1

291 1529 350 1592 sim
373 1532 542 1614 utriumque
563 1528 671 1593 licuit:
699 1528 851 1592 Plautino
873 1525 945 1591 usui
969 1525 1197 1590 convenienter
1219 1531 1356 1590 dommum
1376 1529 1418 1586 ille
1481 1581 1482 1590 ,

293 1638 377 1722 apud
401 1637 557 1704 Catonem
590 1639 730 1702 eiusdem
753 1637 890 1702 Charisii
923 1640 956 1700 et
984 1641 1124 1700 donicum
1158 1641 1189 1698 ia
1216 1633 1418 1698 remendare
1481 1675 1482 1696 1

291 1750 372 1811 rust.
398 1769 425 1812 c.
451 1747 522 1831 161,
545 1748 577 1832 3,
600 1747 805 1832 solitarioque
827 1745 972 1829 exemplo
994 1745 1029 1808 in
1045 1743 1181 1828 Nepotis
1203 1741 1382 1807 Hamilcare
1396 1743 1418 1818 l,
1481 1781 1482 1818 3

291 1858 476 1922 4doaicam
499 1868 568 1922 aut:
602 1858 658 1922 sed
690 1857 725 1921 in
753 1857 863 1920 eodem
885 1855 1017 1921 Catonis
1039 1855 1121 1918 libro
1144 1859 1287 1918 donicum
1309 1859 1419 1917 solmam
1481 1839 1482 1844 ¹

294 1989 321 2032 o.
349 1966 419 2049 146,
442 1966 474 2050 2,
499 1973 641 2032 donicum
658 1973 822 2047 pecaniam
847 1965 918 2049 149,
951 1967 982 2028 2.
1006 1962 1198 2027 -Tertiae
1221 1961 1420 2042 doniquor·

292 2097 364 2140 mae
397 2075 444 2161 (h.
469 2097 497 2140 e.
520 2077 644 2140 mediae
666 2098 685 2140 1
705 2078 885 2159 temporum
907 2075 1043 2157 ratione,
1078 2077 1237 2157 quantum
1267 2068 1421 2154 intellego)
1481 2095 1482 2100 ¹

249 2195 251 2198 ’
292 2183 441 2250 Lucretio
464 2185 505 2249 ab
520 2185 729 2250 Lachmanno
752 2185 922 2248 restitutae
943 2183 987 2266 Il,
1013 2183 1094 2247 1116
1110 2188 1250 2263 Denique
1273 2189 1317 2246 aa
1335 2193 1420 2246 eatre—
1481 2199 1482 2282 1

292 2315 381 2374 mam,
417 2294 458 2378 V,
494 2295 716 2375 tornansque
743 2315 820 2375 eum,
855 2294 916 2358 723
939 2298 1078 2372 Denique
1099 2313 1174 2370 eam,
1211 2292 1275 2356 997
1299 2297 1424 2368 Denique
1481 2321 1482 2330 .

209 2433 216 2446 ·
295 2425 355 2488 eos,
379 2405 597 2468 restituendae
620 2403 706 2468 haud
728 2403 823 2468 dubie
845 2404 944 2467 etiam
965 2402 1008 2485 ΙΙ,
1044 2402 1126 2466 1130
1147 2407 1252 2466 Donec
1275 2405 1422 2476 alescendi,
1481 2377 1482 2461 1

293 2511 334 2596 V,
358 2513 420 2579 687
444 2520 546 2579 Donec
568 2520 611 2579 ad
631 2521 674 2597 id,
698 2513 759 2578 877
776 2519 880 2577 Donec
895 2517 939 2575 ad
959 2519 1123 2594 interitum,
1146 2511 1272 2575 nullum
1293 2513 1328 2576 in
1344 2507 1425 2574 comi·

295 2643 404 2687 corum
425 2623 516 2688 libris
538 2623 719 2710 vestigium.
1481 2611 1482 2624 ¹

377 2734 592 2798 baconem:
636 2731 822 2796 Aululariae
849 2731 876 2814 Ι,
912 2734 940 2814 1,
972 2731 1014 2795 28
1036 2732 1170 2796 1111111111
1192 2743 1346 2796 mecastor
1365 2728 1428 2808 aad

294 2863 350 2922 cao
371 2864 424 2908 ero
448 2842 525 2928 (sic,
555 2864 621 2906 non
643 2847 717 2907 tero
739 2864 805 2922 epo,
829 2840 945 2926 Vetus)
968 2843 1067 2906 diesim
1089 2861 1154 2905 mco
1176 2845 1290 2905 Maiac'
1309 2847 1355 2904 rei
1373 2858 1428 2902 eoe-

294 2953 373 3018 misse
404 2973 531 3032 quamve
562 2954 726 3026 insaniam,
767 2955 846 3027 Ques
867 2953 1060 3016 comminisci.
1116 2949 1179 3015 Vbi
1202 2949 1309 3016 Vetus
1342 2947 1428 3013 codex
1481 3003 1482 3036 ,

534 3054 591 3094 non
1481 3061 1482 3074 .

295 3104 470 3171 Camerarii
492 3057 558 3170 itae
578 3127 660 3170 nunc
683 3103 779 3189 (nihil
801 3103 902 3189 aliud)
934 3103 1048 3186 habet,
1082 3103 1258 3167 deteriores
1289 3125 1329 3167 me
1350 3120 1429 3171 nuuc,

295 3235 351 3278 aec
372 3237 467 3292 nanc,
503 3235 563 3278 noa
585 3236 681 3296 nanc,
705 3235 761 3278 acc
782 3216 862 3296 111711,
885 3235 942 3278 acc
963 3234 1080 3296 namen,
1104 3212 1234 3296 quidam
1257 3211 1324 3276 nisi
1346 3208 1432 3274 salim
1481 3217 1482 3296 J

296 3322 394 3385 ctiam
416 3344 475 3389 noa
497 3331 586 3388 caim.
637 3322 807 3387 AVetere
834 3323 936 3408 igitur
968 3325 1130 3406 profectus
1153 3321 1328 3406 Scioppius
1350 3319 1432 3400 Susp.
1481 3363 1482 3386 1

296 3430 370 3495 lect.
393 3430 434 3515 V,
460 3433 498 3495 17
521 3454 628 3497 aenam
652 3431 726 3518 (sic)
748 3433 870 3516 primus
892 3431 1083 3496 restituebat
1105 3431 1183 3495 duce
1198 3430 1311 3495 Nonio
1333 3453 1364 3514 p.
1382 3427 1434 3492 143
1481 3481 1482 3490 ,

298 3561 346 3625 sq.
380 3577 422 3587 -
455 3540 577 3604 Eadem
598 3563 725 3608 moenam
755 3542 862 3628 glossa
897 3545 1012 3622 111116
1036 3537 1434 3605 71111111Β11111111111111
1481 3569 1482 3572 ¹

298 3651 465 3733 excerpta,
495 3649 595 3714 multo
617 3652 696 3716 mihi
717 3651 914 3736 probabilius
937 3655 987 3715 est
1009 3653 1154 3735 spectare
1176 3649 1209 3713 id
1232 3649 1276 3714 ad
1300 3647 1436 3734 deperdi·
1481 3655 1482 3702 i

298 3763 367 3824 tum
384 3761 500 3844 caput
532 3760 598 3824 eius
629 3761 759 3826 fabulae
791 3783 903 3846 quam,
938 3783 1000 3845 quo
1028 3760 1257 3824 Lachmannus
1292 3760 1329 3824 in
1352 3758 1435 3822 Lacr.

298 3891 330 3956 p.
357 3869 418 3934 150
439 3867 609 3952 referebat,
633 3871 674 3934 ad
688 3869 746 3953 IV,
769 3871 801 3953 4,
825 3871 867 3934 84
890 3871 996 3956 (736);
1019 3869 1073 3933 ubi
1096 3873 1152 3932 aut
1174 3869 1375 3933 commodius
1389 3868 1437 3929 aut
1481 3853 1482 3920 1

296 4001 363 4045 non
395 3979 503 4044 minus
534 3979 696 4044 commode
729 3987 803 4060 qaia
835 3982 895 4044 ada
927 3991 957 4044 tc
989 3981 1239 4056 defrauddacrim
1265 3973 1435 4044 Camerarii
1481 4019 1482 4026 1

298 4109 394 4153 suasu
414 4089 452 4153 fit
473 4111 490 4154 e
512 4096 585 4172 qaia
603 4083 664 4154 'nme
679 4101 708 4153 ic
724 4093 950 4168 fraudaverim,
975 4110 1070 4174 quam
1084 4087 1299 4152 Lachmanno
1314 4091 1436 4152 auctore

298 4206 370 4278 qaia
393 4201 521 4264 aeduam
544 4212 572 4263 ie
589 4201 815 4277 fraudaverim.
849 4237 891 4247 -
925 4197 1072 4263 Ceterum
1100 4200 1173 4281 post
1194 4197 1293 4262 huius
1317 4199 1435 4262 doctam
1481 4173 1482 4246 1

299 4307 548 4391 disputationem
584 4308 648 4371 tria
680 4329 765 4372 nova
801 4308 946 4392 exempla
982 4328 1110 4372 moenam
1137 4328 1234 4370 noenu
1265 4307 1435 4371 for-mamm

300 4415 443 4480 videmur
463 4416 566 4500 felici,
596 4438 787 4500 quamquam
810 4441 847 4482 ex
870 4422 962 4501 parte
984 4417 1080 4480 dubia
1102 4417 1289 4480 coniectura
1312 4415 1433 4480 lammis
1481 4445 1482 4462 1
