3002 5146
273 271 336 336 248
614 287 836 336 cnosssarvn
858 286 1072 334 euavmnvn.

274 463 340 506 eum
362 448 507 520 eriperet,
541 443 661 505 minum
683 461 720 504 eo
742 447 876 521 arripuit
896 443 1065 505 mbrdicus:
1097 439 1153 504 ubi
1175 460 1212 502 eo
1234 437 1345 503 inserui
1363 439 1394 502 de
1479 429 1480 438 ¹

274 573 369 615 meu·
401 549 514 616 Certus
536 550 639 615 eidem
661 549 811 614 adverbio
833 549 922 614 locus
944 553 993 614 est
1015 548 1107 633 Gapt.
1126 548 1187 632 ΠΙ,
1210 550 1242 631 4,
1266 550 1304 613 73
1319 549 1392 633 (un,
1479 535 1480 584 Ι

275 665 307 726 o's
330 663 489 726 denasabit
510 667 565 727 tibi
586 664 745 726 Mo‘rdicus
767 665 799 724 et
820 659 907 725 Men.
930 659 957 742 Ι,
981 661 1012 743 3,
1038 660 1077 722 12
1101 659 1192 744 (195)
1215 662 1275 724 isim
1297 671 1399 738 oporte-

275 778 328 836 bot
359 771 465 836 nsisum
499 777 656 851 obreptum
678 773 848 835 mbrdicus:
884 769 992 853 paullo
1013 770 1120 834 minus
1143 771 1251 834 certus
1272 767 1343 832 Aul.
1362 768 1399 851 ll,

275 881 313 963 2,
345 881 403 964 57,
437 880 492 944 ubi
515 881 654 970 dubitari
678 883 783 964 potest
804 883 911 944 utrum
932 880 1049 944 rectius
1072 879 1248 943 seeundum
1269 877 1402 943 Veterem
1479 909 1480 934 r

278 993 325 1075 (in
348 1013 409 1075 quo
431 995 481 1055 est
512 1013 559 1056 me
580 991 746 1076 mordicus)
776 989 872 1055 'Asini
891 991 1043 1055 mordiciis
1069 993 1300 1067 meminisci,
1331 991 1404 1053 bbus
1479 1043 1480 1078 r

277 1109 434 1167 incursent
465 1105 608 1167 cbrnibus
641 1122 765 1165 mecum
794 1099 936 1185 (Proleg.
959 1123 991 1185 p.
1015 1097 1098 1185 cul)
1120 1102 1234 1163 teneus
1257 1121 1297 1163 an
1319 1097 1405 1162 Nouii
1479 1171 1480 1186 ,

277 1233 309 1294 p.
336 1211 396 1276 139
429 1211 490 1275 fide
512 1214 641 1295 poetam
664 1212 775 1275 eredas
797 1232 855 1294 per
876 1211 981 1274 iocum
1003 1210 1079 1274 ficto
1101 1208 1257 1274 vocabulo
1279 1210 1406 1293 potuisse

278 1322 375 1385 'Asini
404 1343 451 1384 me
482 1323 665 1388 mordicibus
701 1327 844 1386 scindunt
877 1320 996 1405 dicere,
1031 1321 1063 1384 h.
1099 1319 1321 1402 edentibus.
1367 1317 1407 1382 ue
1479 1335 1480 1340 ’

278 1451 366 1494 mero
389 1431 475 1495 enim
497 1432 700 1515 grammatici
722 1434 902 1494 commento
924 1453 965 1494 ne
988 1430 1121 1515 cogites,
1145 1429 1298 1493 admonet
1312 1431 1407 1513 Appu-
1479 1479 1480 1518 ,

280 1540 323 1605 lei
345 1540 499 1624 imitati0,
523 1563 617 1625 quem
640 1539 941 1624 Metamorphoseon
962 1539 1027 1623 ΙΙΙ,
1050 1539 1092 1603 26
1114 1562 1146 1623 p.
1170 1539 1234 1602 222
1256 1539 1303 1604 sic
1324 1541 1409 1621 scrip

280 1651 359 1716 sisse
387 1657 597 1730 nequissimam
616 1654 968 1730 facinorosissimomque
991 1652 1141 1727 seminum
1166 1656 1273 1730 spissis
1294 1655 1411 1714 calcibus

277 1764 395 1839 sciicns
428 1773 456 1825 et
488 1766 671 1825 mordicibus
693 1771 849 1840 appetens,
885 1760 983 1825 codex
1005 1759 1196 1843 archetypus
1220 1757 1410 1823 Florentium

281 1873 428 1934 testatur.
473 1869 622 1934 Ceterum
644 1876 820 1935 mordicitus
843 1871 956 1954 forma,
980 1892 1062 1955 quae
1084 1869 1280 1954 quibusdam
1293 1869 1410 1954 placuit,

281 2002 342 2044 nec
364 1984 478 2050 testem
499 2001 561 2044 nec
583 1980 741 2044 rationem
763 1980 863 2044 habet
884 1981 1046 2044 idoneam.
1093 1979 1200 2064 [Haec
1223 1979 1411 2063 scripseram,

282 2112 355 2156 cum
376 2090 415 2154 de
437 2089 624 2154 Florentino
646 2075 742 2154 fidem
763 2089 862 2155 habui
878 2089 1092 2170 Hildebrandi
1115 2089 1318 2154 testimonio:
1339 2107 1412 2152 nunc
1479 2115 1480 2152 l

283 2203 454 2292 postqum
475 2199 609 2264 Hernici
632 2199 729 2264 Keilii
762 2201 879 2264 litteris
913 2201 1029 2290 certior
1050 2201 1155 2264 factus
1179 2221 1250 2264 sum
1273 2199 1340 2263 illic
1359 2219 1414 2262 non

283 2309 388 2394 magis
411 2331 507 2394 quam
529 2310 564 2373 in
585 2308 703 2374 Vetere
724 2309 832 2374 Plauti
854 2315 1049 2394 mordicibus,
1075 2310 1129 2374 sed
1152 2318 1309 2376 mordicus
1330 2308 1415 2390 scrip-

283 2423 352 2483 tum
374 2441 443 2484 esse
472 2419 675 2504 planissime,
710 2441 777 2484 non
810 2419 921 2484 dubito
951 2442 1029 2484 saue
1052 2421 1166 2484 mnam
1189 2419 1292 2484 Nonii
1313 2439 1416 2483 memo-

283 2529 365 2593 riam
396 2551 434 2592 ex
464 2529 605 2613 argutuli
641 2529 707 2594 site
740 2529 843 2593 critici
874 2531 941 2594 sive
973 2530 1177 2614 grammatici
1212 2529 1349 2610 artifieio
1377 2547 1416 2590 re

284 2639 419 2723 petere]

369 2748 413 2812 ln
436 2749 614 2834 Epidion.
659 2749 700 2814 ‘28
724 2757 845 2814 nevis:
867 2751 903 2814 in
924 2749 1051 2835 Epidici
1074 2750 1234 2834 principio
1250 2750 1346 2815 hodie
1361 2769 1417 2813 non
1479 2731 1480 2810 l

287 2861 401 2922 exstat.
446 2857 531 2924 Fieri
553 2862 660 2943 potest
680 2863 717 2922 ut
737 2858 970 2945 glossographo
992 2860 1105 2925 vitium
1127 2860 1309 2944 scripturae
1324 2856 1420 2924 fraudi

285 2967 384 3032 fuerit
405 2969 440 3032 iu
461 2968 488 3052 Ι,
512 2969 549 3048 2,
575 2971 611 3032 11
638 2971 717 3043 Ouid
737 2975 790 3034 tibi
810 2991 856 3034 me
877 2977 921 3036 vis
940 2974 1071 3047 ficere?
1105 2970 1155 3034 vel
1177 2970 1220 3034 ib.
1248 2993 1278 3035 v.
1302 2971 1345 3035 40
1375 2969 1422 3032 bic
1479 2991 1480 3032 i

286 3083 374 3143 modo
396 3084 477 3142 unde
499 3082 631 3156 ouse'rre
652 3101 699 3144 me
721 3087 778 3144 uis:
803 3079 892 3144 cuius
914 3080 1041 3164 quidem
1062 3079 1313 3163 permutationis
1328 3099 1422 3144 exem·

287 3185 341 3270 pla
362 3187 449 3252 infra
470 3188 571 3272 posui.
580 3187 611 3272 ²²)
655 3188 726 3255 Nisi
748 3189 831 3253 forte
852 3191 981 3254 miscuit
1002 3196 1085 3254 acuis
1107 3191 1140 3252 et
1161 3197 1282 3272 nevolt,
1307 3188 1424 3274 quando

288 3295 332 3358 ib.
348 3296 375 3378 1,
395 3298 422 3378 1,
438 3297 481 3361 40
502 3305 626 3362 Putrem
648 3306 751 3388 uidere
771 3321 803 3363 se
825 3307 956 3364 ncooite
978 3299 1134 3364 librorum
1150 3300 1316 3384 scriptura
1336 3317 1424 3364 senem

289 3425 350 3468 nom
373 3411 438 3469 uult
459 3407 620 3471 verissime
643 3409 726 3473 eruit
740 3408 945 3473 Hermannus
961 3407 1065 3474 Elem.
1082 3409 1182 3474 doctr.
1199 3413 1296 3474 metr.
1313 3431 1345 3493 p.
1364 3407 1425 3470 161.
1479 3385 1480 3470 l

289 3561 491 3570 --ψ

357 3641 381 3708 *)
413 3637 459 3694 Sic
484 3641 600 3695 Poenuli
617 3642 649 3709 V,
672 3651 700 3708 2,
721 3651 769 3699 119
793 3647 832 3702 Et
854 3647 883 3702 te'
903 3651 1013 3704 moneri
1034 3651 1101 3703 nbrn
1125 3649 1205 3703 nevis
1226 3645 1257 3700 in
1280 3645 1424 3701 Decurteto
1479 3629 1480 3656 ¹

289 3732 424 3804 scriptum
442 3736 484 3788 est
501 3752 568 3791 num
586 3754 629 3793 me
647 3741 701 3795 uis.
736 3737 807 3793 Item
825 3737 987 3792 Truculenti
1004 3739 1039 3806 Il,
1056 3745 1080 3806 6,
1098 3743 1140 3805 66,
1157 3739 1207 3793 nbi
1223 3741 1304 3796 recte
1321 3736 1427 3794 Bothius
1479 3733 1480 3766 l

295 3827 401 3886 Ve'rum
425 3829 517 3885 adibo.
542 3831 612 3898 quid
632 3834 677 3888 ois
700 3849 777 3889 nnnc
799 3839 846 3889 iu?
872 3835 939 3888 nbm
962 3849 1004 3889 me
1028 3837 1084 3898 uis,
1116 3831 1247 3901 voluntis
1267 3851 1344 3899 meo,
1375 3829 1427 3899 Qui
1479 3835 1480 3842 ’

291 3930 409 3980 vocotus
427 3939 490 3979 snm
508 3920 551 3978 iro
570 3924 609 3978 od
625 3933 742 3980 cenom?
776 3924 805 3978 in
828 3925 927 3978 eodem
950 3925 1044 3979 codice
1066 3925 1110 3979 est
1127 3943 1194 3982 num
1213 3929 1300 3984 neuis
1322 3941 1377 3990 mc,
1402 3921 1427 3974 in
1479 3987 1480 3992 χ

291 4013 394 4069 Vetere
413 4013 490 4073 nunc
509 4018 553 4072 uis
572 4033 641 4073 mco.
678 4015 732 4069 Vbi
751 4033 817 4072 cave
836 4017 870 4072 de
889 4018 982 4086 aliqua
1000 4035 1104 4076 nurnnc
1123 4019 1273 4084 (situnne,
1294 4017 1426 4080 rurumnol
1479 4009 1480 4042 Ι

292 4107 383 4161 forma
401 4107 506 4177 cogites
520 4125 581 4163 oum
594 4107 798 4179 lexicographis
811 4110 923 4166 nostris=
943 4128 1027 4180 quam
1043 4110 1200 4164 iuncturam
1211 4109 1329 4178 ignorat
1345 4103 1427 4164 latini·
1479 4127 1480 4136 ¹

292 4199 345 4264 tas,
364 4217 534 4268 quamquam
553 4219 688 4258 numnam
712 4203 752 4268 (ut
771 4201 834 4256 Cist.
854 4202 901 4270 IV,
922 4211 944 4269 1,
963 4209 978 4257 6
997 4203 1057 4256 coll.
1078 4203 1158 4256 Truc.
1178 4203 1212 4270 ΙΙ,
1229 4209 1255 4271 4,
1277 4209 1290 4258 1
1311 4205 1339 4258 ct
1356 4202 1390 4264 ΙΙ,
1407 4205 1426 4262 Ι,
1479 4189 1480 4204 ¹

294 4299 338 4357 46,
356 4291 423 4345 itam
442 4293 564 4361 quinque
582 4293 715 4363 exemplis
734 4294 917 4366 Terenticnis)
936 4297 1034 4352 eadem
1051 4295 1190 4368 probavit.
1479 4289 1480 4360 l
