2996 5148
276 339 340 404 406
588 354 873 425 uassncvnauno
897 355 1117 405 scuosricuo

277 517 456 586 interillos
477 514 575 580 medii
596 489 767 594 habentur,
801 511 906 594 specie
928 513 1056 574 tantum
1078 511 1262 596 incorrupti.
1300 511 1391 596 Neque

153 659 157 668 ·
279 631 365 696 enim
386 628 487 692 latine
509 626 572 692 diei
583 630 733 704 ponerem
756 630 792 688 ia
814 625 931 688 duabus
953 625 1079 694 aedibus
1093 641 1272 687 communem
1291 622 1392 707 pridem

278 740 485 827 perspexerat
517 734 685 820 Scioppius
717 733 811 818 Susp.
844 732 918 796 lect.
942 731 984 816 V,
1008 734 1046 816 Ἰ,
1076 733 1156 817 quin
1189 732 1252 797 iam
1280 735 1394 798 sensisse

278 849 415 935 Pylades
437 847 572 928 videtur,
595 845 649 929 qui
672 847 794 908 veteres
816 842 891 908 inde
914 843 1094 927 apr-incipe
1109 842 1262 909 editiones
1280 845 1395 930 itemque

279 960 421 1026 novicios
450 957 574 1023 codices
607 958 750 1038 secutus,
784 953 955 1038 inquibus
988 957 1037 1018 est
1058 975 1241 1020 commutem
1260 975 1335 1019 aaa
1349 976 1397 1035 pu·

278 1080 383 1137 rietem
415 1075 462 1147 in,
495 1067 582 1132 hunc
610 1087 736 1130 versum
763 1063 905 1129 effinxit:
945 1069 1075 1130 Geminis
1105 1085 1286 1132 ommonem
1314 1071 1398 1145 parie-

279 1194 337 1247 dem
369 1201 456 1246 suum
490 1183 626 1243 aeditus.
666 1171 751 1242 'Cum
774 1174 924 1261 Scioppio
947 1173 1072 1240 hiatum
1104 1175 1140 1241 in
1173 1179 1246 1242 sinu
1276 1178 1400 1242 foventes
1484 1241 1485 1250 ,

142 1283 147 1298 “
280 1290 416 1356 Bothins
438 1293 470 1355 et
483 1287 703 1354 Paenultirnus
724 1285 862 1372 editor*)
885 1285 990 1350 deleta
1011 1287 1248 1372 praepositione
1267 1287 1402 1352 latinitati

281 1406 366 1468 certe
382 1400 619 1482 consuluerunt,
642 1397 696 1462 ille
711 1395 838 1482 quidem
852 1397 887 1460 in
902 1396 1087 1482 nuperrima
1102 1397 1243 1464 editione
1258 1399 1302 1462 sic
1313 1397 1402 1462 verbis

280 1517 399 1578 temere
431 1509 635 1594 transpositis
668 1511 793 1573 aeditus
823 1515 902 1573 olum
931 1514 1092 1588 parietem.
1137 1507 1278 1574 Vltimus
1303 1511 1403 1590 auum,

159 1605 161 1612 Α
265 1624 436 1709 ‚quotquot
467 1620 615 1702 fuerunt,
649 1618 862 1705 editorum**)
891 1617 966 1703 quid
995 1617 1111 1682 mirum
1139 1619 1167 1684 si
1195 1619 1289 1704 talia,
1316 1617 1406 1705 qualia
1485 1654 1486 1710 p

281 1736 358 1799 sunt
384 1729 630 1817 praepositionis
657 1728 708 1794 vel
735 1728 864 1793 omissio
885 1727 936 1792 vel
960 1727 1077 1812 positio
1104 1731 1137 1792 et
1163 1729 1197 1794 id
1220 1753 1318 1817 genus
1339 1729 1407 1794 aliae
1485 1747 1486 1768 ³

282 1843 454 1926 minutiae,
482 1839 614 1904 minime
636 1839 675 1902 ad
699 1861 732 1904 se
756 1839 893 1903 attinere
915 1837 1297 1931 arbitratusptralatieias
1318 1839 1409 1905 sordes

283 1954 423 2019 studiose
437 1952 543 2016 dicam
565 1973 606 2015 an
629 1949 773 2036 segniter
787 1948 1001 2034 propagarit?
1028 1947 1132 2014 Versu
1154 1955 1263 2016 autem
1284 1952 1410 2035 proximo

283 2065 358 2149 quid
379 2063 511 2128 tandem
533 2083 602 2126 esso
624 2068 771 2126 licerent
792 2067 891 2140 quiret
919 2059 1084 2124 dicamus?
1115 2065 1276 2148 Notanda,
1299 2063 1343 2127 ait
1362 2059 1411 2126 Bo·

283 2173 384 2256 thius,
412 2178 536 2253 phrasis
563 2177 668 2236 ‘Iicere
688 2184 721 2236 ut
742 2178 873 2252 quiret':
901 2177 1098 2236 namtarum
1127 2178 1280 2240 oltoutro
1300 2176 1414 2252 desaupi
1486 2203 1487 2220 .

282 2291 416 2365 sempter
437 2293 572 2363 poterat.
618 2282 668 2346 Ao
695 2281 838 2345 notanda
864 2279 921 2344 illa
943 2283 992 2344 est
1014 2303 1107 2365 sane,
1137 2283 1192 2347 sed
1222 2288 1259 2349 ut
1279 2305 1413 2369 perversa

285 2397 318 2458 et
339 2415 356 2456 e
378 2415 440 2478 qua
462 2413 575 2457 sanam
602 2391 767 2456 notionem
788 2371 877 2455 nullo
904 2391 1139 2476 interpretandi
1165 2395 1304 2460 artifieio
1325 2414 1413 2458 eruas.

285 2499 429 2570 offendit
459 2502 494 2566 in
527 2525 565 2567 ea
598 2503 695 2567 etiam
717 2499 883 2567 Acidalius
916 2501 1025 2566 Divin.
1052 2503 1087 2568 in
1115 2503 1184 2568 Mil.
1211 2528 1239 2570 c.
1272 2507 1300 2590 l,
1328 2505 1415 2590 quia

283 2614 439 2678 librorum
453 2613 611 2698 scriptura
632 2619 737 2677 liceret
758 2611 931 2696 proiectus,
954 2634 1050 2696 quam
1071 2636 1138 2679 non
1154 2617 1282 2681 codices
1303 2617 1417 2708 mutum

284 2724 340 2788 sed
367 2723 465 2788 etiam
496 2722 651 2787 editiones
679 2727 756 2787 ante
784 2722 914 2807 Pyladis
942 2721 1130 2788 Brixianam
1161 2747 1276 2792 omnes
1308 2729 1416 2805 tenent,

284 2835 319 2899 in
347 2841 438 2899 licere
465 2836 572 2898 autem
598 2834 716 2897 mutari
743 2833 865 2917 primus
892 2833 1028 2898 iusserat
1049 2833 1142 2918 Pius,
1166 2837 1336 2921 proposuit
1360 2843 1419 2900 licc-

284 2957 342 3010 ret
364 2956 397 3010 ut
418 2950 483 3024 qui
502 2949 663 3008 convenire
685 2949 863 3008 amantibus.
893 2943 939 3008 At
958 2947 1066 3008 tamen
1088 2953 1142 3024 qui
1161 2945 1245 3012 illud
1259 2947 1365 3012 nascio
1385 2967 1420 3009 an

284 3053 347 3119 huo
369 3051 573 3118 nullomodo
595 3053 739 3137 quadret,
763 3056 932 3138 propterea
953 3055 1081 3139 quidem
1102 3056 1186 3140 quod
1210 3057 1336 3124 alicui
1358 3079 1420 3121 eou-

284 3163 435 3228 veniendi
456 3163 575 3227 rationi
597 3161 653 3226 illa
673 3163 745 3248 ipsa
757 3166 919 3249 repugnat
934 3164 1111 3230 certissima
1126 3167 1287 3250 perforati
1302 3165 1422 3254 pan'elis

287 3273 348 3338 via.
392 3272 550 3358 Pinguius
578 3272 676 3338 etiam
697 3272 807 3338 Bothii
835 3274 1002 3339 inventum
1024 3279 1074 3340 est
1094 3282 1201 3342 liceret
1222 3301 1287 3359 qua
1309 3301 1344 3344 re
1362 3299 1422 3344 con·

221 3399 224 3406 ⁴
287 3383 388 3448 venire
414 3389 592 3451 amantibus.
643 3383 739 3450 Sedes
768 3389 876 3450 autem
904 3386 1103 3470 corruptelae
1130 3409 1193 3472 quo
1222 3389 1260 3454 in
1295 3389 1364 3455 loco
1389 3387 1426 3452 sit

287 3493 483 3577 quaerenda,
506 3493 608 3558 Vetus
636 3494 734 3560 codex
761 3493 933 3560 Camerarii
961 3497 1137 3579 monstrat,
1170 3497 1205 3563 in
1241 3522 1308 3584 quo
1340 3518 1425 3582 supra

288 3609 388 3683 quiret
417 3602 571 3687 scriptum
596 3608 645 3668 cst
671 3627 735 3669 non
765 3605 887 3669 recenti
908 3627 1006 3669 manu
1027 3612 1124 3671 coire:
1158 3629 1222 3691 quo
1247 3610 1331 3675 adde
1353 3605 1427 3693 quod

287 3716 397 3777 noster
419 3711 548 3796 quidam
568 3713 650 3778 liber
671 3737 729 3779 ms.
753 3716 788 3780 in
810 3715 941 3780 Etruria
963 3720 1089 3800 emptus
1110 3717 1190 3782 item
1212 3741 1317 3804 supra
1339 3717 1426 3801 scrip-

287 3827 358 3889 tum
379 3826 471 3888 tenet
491 3829 562 3889 inde
583 3845 603 3888 u
624 3829 727 3910 domo,
750 3827 785 3892 in
807 3825 953 3911 margine
981 3829 1088 3891 autem
1114 3829 1260 3912 positum
1288 3839 1371 3897 coire
1395 3840 1428 3890 ee.

287 3933 364 4001 Non
390 3935 497 4018 potest
524 3940 634 4001 nostra
660 3938 822 4002 sententia
848 3935 979 4001 dubium
1002 3958 1086 4022 esse,
1120 3938 1200 4022 quin
1228 3949 1333 4022 quiret
1360 3935 1429 4004 illud

288 4047 402 4109 natum
424 4043 466 4108 sit
488 4065 526 4110 ex
548 4045 610 4112 hae
624 4068 733 4113 versus
754 4048 840 4113 illius
856 4047 976 4132 specie:
998 4053 1104 4114 liceret
1125 4061 1158 4114 ut
1179 4059 1290 4117 coire
1311 4065 1346 4118 ct
1366 4071 1430 4117 coa-

358 4281 384 4348 ¹⁸)
403 4279 483 4349 [Vide
501 4299 587 4354 supra
603 4301 631 4354 p.
652 4286 721 4355 188.]
803 4297 808 4307 ¹

357 4372 396 4438 **)
415 4371 496 4440 [Vide
513 4393 600 4445 supra
616 4394 644 4447 p.
666 4379 733 4448 isa]
