2996 5148
466 389 512 433 un
536 389 709 438 rensuum
731 389 814 436 rour
838 391 983 440 iconsui.
1231 376 1294 442 389

120 541 329 619 limonium,
354 541 521 624 quominus
544 541 608 604 iam
623 546 737 626 quarto
760 544 920 608 saeculoe
942 545 1079 610 lanienis
1102 547 1208 610 factae
1224 569 1292 610 esse

123 651 354 736 argentariae
379 651 557 714 credantur.
591 652 731 716 'Frentum
755 655 953 737 exploratum
976 660 1034 739 est,
1057 657 1156 720 fuisso
1179 677 1291 740 argen-

123 762 244 825 tarias
271 761 336 824 iam
360 784 388 824 a.
405 762 478 844 444,
502 783 564 846 quo
586 785 671 825 armo
694 763 802 828 Livius
825 765 882 848 IX,
906 767 949 828 40
970 766 1083 830 scribit
1097 766 1290 830 Samnitium

123 883 259 936 aurata
283 883 370 936 scuta
391 877 519 936 dominis
541 881 787 952 aracatartarrun
810 881 853 938 ud
874 879 978 951 surum
1001 881 1171 940 ornandum
1194 882 1291 940 diuisa

122 1005 211 1046 csse.
263 979 423 1045 Niminnn
452 983 492 1044 ad
520 983 697 1046 ornandum
727 984 767 1047 ab
789 988 922 1068 utraque
945 989 1052 1067 pario:
1082 1007 1214 1068 eamque
1237 1007 1290 1048 uo-

124 1095 268 1156 lionem
303 1091 443 1174 apertius
466 1091 563 1154 eiiam
596 1093 679 1156 idem
701 1093 809 1158 Livius
832 1093 951 1178 XXVI,
980 1097 1016 1160 ll
1040 1095 1090 1158 his
1113 1095 1216 1159 verbis
1239 1118 1291 1158 ex-

123 1203 232 1268 tulit:
267 1215 300 1265 ut
326 1209 474 1282 extemplo
500 1213 606 1268 uocato
629 1226 785 1282 praecone
812 1211 953 1270 tabernas
975 1212 1183 1285 amentarius,
1214 1225 1291 1284 quac

123 1321 253 1378 circa
283 1316 387 1388 sorum
416 1317 584 1378 Rauranum
612 1327 721 1396 esseut,
754 1321 875 1379 iusserit
907 1323 1009 1380 ccrrtre
1043 1315 1224 1400 (Hannibal
1258 1337 1286 1378 a.

123 1424 200 1489 543
224 1420 262 1485 h.
288 1443 316 1484 e.
339 1444 403 1485 nno
426 1426 501 1486 aute
524 1424 705 1487 combustas
729 1429 838 1507 anno).

226 1531 434 1596 Reverfimur
461 1532 501 1596 ad
525 1531 605 1597 Livii
628 1533 747 1617 XXVI,
771 1536 811 1598 27
835 1536 948 1618 verba,
973 1559 992 1598 a
1014 1535 1143 1598 Dukero
1164 1557 1288 1619 quoquo

125 1663 329 1730 perperam,
353 1645 389 1705 ut
410 1663 496 1706 nunc
520 1643 599 1706 satis
622 1667 776 1728 apparere
798 1649 965 1728 putamus,
988 1644 1035 1710 ita
1059 1645 1229 1728 explicata,
1253 1647 1289 1708 ul

122 1767 252 1836 septem
283 1757 426 1817 tabanus
454 1755 563 1836 aperte
585 1753 741 1838 distingui
771 1756 811 1818 ab
834 1763 1020 1834 arpcutarits
1041 1755 1137 1823 (licut.
1187 1756 1288 1820 Immo

124 1869 164 1932 in
194 1863 336 1928 eandem
359 1863 414 1926 illa
435 1866 561 1946 partem
584 1863 701 1942 valent,
727 1888 764 1928 ae
788 1865 814 1928 si
837 1866 924 1929 omni
947 1869 1054 1930 amota
1077 1865 1287 1950 ambiguitate

123 1979 179 2041 sie
207 1974 351 2057 scriptor
377 1972 501 2038 locutus
529 1977 628 2037 esset:
658 1981 758 2038 eodem
792 1989 926 2055 ternpore
948 1983 1154 2054 areenturt'ae,
1184 1989 1213 2039 ct
1233 1997 1288 2040 eae

124 2108 219 2168 qaae
244 2106 267 2148 a
288 2105 411 2148 numero
427 2091 587 2164 peculiare
612 2096 722 2164 septae
744 2092 941 2150 tabernarum
964 2107 1069 2150 romeu
1097 2093 1283 2163 iurauerunt,

123 2211 158 2262 et
191 2217 254 2258 eae
281 2215 359 2273 quae
386 2215 466 2258 nuuc
487 2215 583 2259 rrouac
605 2201 811 2274 appellentur,
843 2217 957 2259 arsere.
1004 2195 1048 2260 Vt
1075 2195 1214 2260 breviter
1241 2196 1286 2260 di-

125 2327 263 2387 eamns,
288 2311 482 2382 acquum-rae
503 2305 642 2388 positum
664 2317 711 2370 est
735 2327 792 2388 pro
807 2327 862 2370 cue
876 2313 1084 2388 armentariae,
1111 2305 1158 2369 vel
1174 2327 1285 2385 aracu-

125 2423 243 2481 tarr'ae
266 2435 344 2494 quae
358 2413 496 2497 positum
512 2437 570 2499 pro
584 2436 662 2494 quac
676 2423 877 2494 arqentarr‘ae
891 2415 941 2480 vel
957 2438 1015 2500 pro
1030 2437 1110 2496 quae
1130 2421 1283 2498 tabernae,

125 2549 210 2591 eam
233 2525 338 2608 ipsam
360 2523 401 2587 ob
425 2545 567 2588 caussam
591 2525 673 2609 quod
696 2547 806 2589 omues
829 2527 873 2588 ibi
896 2527 1049 2591 sabamae
1068 2529 1282 2610 argentariae.

126 2638 296 2700 Potuerat
317 2634 460 2718 profecto
482 2635 509 2698 si
532 2635 636 2718 vellet,
661 2640 698 2699 ut
718 2635 777 2698 has
799 2658 964 2719 novarum,
988 2637 1035 2701 ila
1048 2637 1121 2700 illas
1143 2640 1284 2702 veterum

126 2745 318 2830 prasteriore
346 2743 561 2828 appellatione
590 2749 622 2808 et
649 2746 825 2829 simplicius
854 2746 985 2810 definire
1013 2750 1046 2810 ei
1079 2747 1282 2811 concinnius:

126 2855 281 2920 uoluisse
309 2853 360 2918 vel
383 2875 427 2918 en
450 2877 487 2917 eo
514 2859 665 2939 apparet,
700 2856 783 2940 qnod
805 2855 946 2938 XXVII,
986 2861 1021 2920 ll
1046 2857 1182 2920 refectas
1215 2877 1283 2918 esse

124 2968 216 3030 ite-ru
238 2974 351 3044 septem
373 2969 516 3028 tabemas
537 2965 609 3029 illas
633 2966 722 3030 inxit.
768 2967 853 3040 Quas
876 2967 1003 3049 quidem
1030 2966 1064 3029 in
1088 2965 1192 3047 priore
1214 2963 1282 3028 loeo

125 3079 225 3160 ipses
249 3085 373 3139 veteres
402 3075 443 3138 ab
465 3097 528 3138 uuo
550 3098 673 3160 quoque
696 3098 753 3139 sua
775 3079 889 3159 sponte
912 3075 1058 3158 intellegi
1080 3075 1222 3158 operarii
1244 3097 1281 3138 ex

124 3207 296 3250 novarum
318 3184 529 3278 oppositione.
559 3185 696 3249 Exstruit
717 3189 826 3250 tamen
842 3186 896 3270 qui
918 3185 996 3249 illud
1013 3197 1142 3250 ueterum
1164 3205 1282 3248 nomen

122 3295 258 3360 inferre
286 3295 321 3358 in
351 3294 421 3378 ipsa
448 3297 544 3358 verbu
575 3296 738 3379 seripturis
767 3301 946 3360 conaretur.
992 3295 1076 3358 Nam
1105 3317 1176 3360 eum
1198 3295 1282 3379 apud

124 3405 261 3470 Livium
292 3404 371 3467 haec
400 3409 539 3469 exstent:
567 3419 677 3485 septem
699 3413 846 3471 tabernae
867 3428 946 3485 quae
961 3419 1070 3486 postea
1092 3413 1231 3486 uultuque,
1254 3419 1283 3469 ct

117 3521 340 3596 arqeutariae
364 3565 370 3578 .
396 3565 402 3578 .
430 3565 449 3596 .,
473 3515 616 3580 Muretus
639 3515 715 3580 Var.
740 3517 813 3580 leci.
838 3515 925 3596 XVI,
949 3519 968 3580 8
991 3517 1026 3581 iu
1048 3517 1179 3602 antiquo
1200 3516 1281 3580 libro

116 3627 293 3711 scriptum
315 3625 415 3688 fuisse
438 3626 616 3710 suspicatus
639 3630 688 3690 est
701 3649 780 3706 quae
792 3639 898 3706 postea
913 3639 969 3690 aet.
987 3641 1015 3692 et
1029 3651 1109 3710 ora,
1135 3627 1281 3691 librarios

116 3741 243 3801 aulem
258 3734 374 3798 deletis
388 3735 511 3798 duabus
533 3736 660 3818 litteris,
685 3760 763 3821 (luas
785 3736 905 3799 frustm
920 3739 1100 3820 geminatas
1117 3739 1278 3821 putarent,

114 3848 210 3913 illud
244 3851 271 3908 V
291 3847 403 3908 nutam
427 3865 494 3909 esse
517 3848 656 3930 quinarii
679 3847 802 3910 numeri
826 3847 1005 3911 credidisse.
1052 3847 1100 3910 De
1122 3869 1183 3928 qua
1206 3867 1278 3908 con·

114 3961 257 4022 iectura
282 3955 472 4020 clementius
495 3956 657 4038 iudicavit,
682 3957 735 4040 qui
758 3957 844 4020 huuc
865 3957 904 4019 de
926 3957 1068 4020 tabernis
1084 3954 1186 4017 locum
1209 3953 1278 4016 uni-

111 4091 260 4134 versum
285 4065 462 4150 diligenter
495 4068 649 4150 exposuit,
685 4065 845 4131 Beckerus
867 4066 978 4149 antiq.
996 4065 1087 4127 Ilum.
1112 4063 1126 4126 I
1149 4087 1180 4146 p.
1205 4063 1282 4128 297.-

112 4180 249 4244 Mirum
274 4197 355 4240 sane
379 4176 479 4240 videri
501 4180 617 4261 polest,
640 4175 724 4260 quod
746 4181 779 4240 et
801 4177 939 4240 refectae
961 4197 1029 4237 esse
1051 4175 1183 4255 septem,
1213 4195 1277 4238 non

107 4295 290 4376 quinque,
320 4286 407 4350 libro
430 4285 553 4350 XXVII
577 4287 745 4370 dicuntur,
776 4309 833 4351 uec
862 4284 991 4350 ouuiiuo
1013 4282 1152 4365 (nunqua
1174 4284 1278 4348 laber-

105 4423 242 4466 narum
274 4417 414 4482 usquam
443 4399 607 4478 praeterea
635 4396 700 4461 ulla
722 4398 842 4461 mentio
864 4397 915 4458 fic:
943 4413 1016 4456 uam
1040 4391 1115 4456 hinc
1138 4393 1277 4460 alienum
