3002 5146
290 391 352 454 232
632 401 854 450 otossaarvu
878 401 1092 447 rerrnvrruvu.

147 626 154 636 ,
251 574 277 621 vt
296 579 381 622 mam
404 559 473 620 sine
497 557 691 640 antiquitate
714 555 909 618 ubertatem:
945 555 993 616 cui
1016 553 1153 618 multum
1177 559 1335 638 praestare
1355 577 1414 618 cou-

291 670 434 732 iunctam
468 689 538 730 cum
561 665 754 749 antiquitate
776 665 965 728 brevitatem
988 685 1145 729 summam
1168 687 1205 728 eo
1228 665 1310 748 quotl
1330 665 1416 728 solum

291 780 356 841 iam
389 778 491 840 restat
523 775 668 858 exemplo
702 774 911 858 intellegetis.
968 773 1074 856 Atque
1097 775 1163 838 eius
1186 775 1314 859 quidem
1333 775 1416 858 ipsius

294 909 405 952 caussa
426 886 506 950 haec
528 885 637 950 omnia
659 883 864 968 prolusimus,
887 905 968 966 quae
991 883 1070 946 satis
1092 885 1304 968 perspicimus
1326 907 1418 948 verum

293 1020 385 1062 usum
407 1018 472 1060 non
495 995 636 1078 heberei
662 993 855 1078 prolusimus
878 996 1001 1074 autem,
1036 993 1127 1076 quia,
1151 994 1227 1078 quid
1249 993 1372 1058 tandem
1391 995 1418 1056 iu

295 1108 356 1171 hoc
371 1128 488 1192 genere
511 1107 681 1188 ἐξηγητικῷ
705 1104 801 1168 etiam
825 1125 911 1167 nunc
934 1101 1098 1166 conditum
1120 1103 1154 1166 in
1170 1103 1420 1168 bibliothecarum

295 1217 427 1282 latebris
461 1217 602 1280 exstaret
624 1213 863 1278 sciscitantibus
886 1213 947 1278 hoc
968 1212 1075 1277 deberi
1099 1213 1283 1297 videbatur,
1316 1217 1349 1277 ut
1368 1235 1421 1277 uno

300 1524 457 1580 Romanum
480 1523 594 1578 stabant
611 1529 722 1577 aurate.
752 1551 785 1559 —
822 1520 914 1576 Varro
937 1519 972 1574 L⁰
999 1522 1094 1576 ultimo
1118 1521 1227 1577 Rerum
1249 1523 1424 1578 bremonnrnm

297 1620 517 1684 diuinarumque
535 1619 575 1671 uit
594 1616 670 1671 Deos
688 1613 812 1670 Selectos
830 1629 894 1669 esse
913 1613 1015 1669 lanum
1033 1614 1130 1679 leuem
1144 1615 1302 1672 Saturnum
1322 1617 1425 1672 Genium

298 1711 475 1766 Mercurium
503 1710 659 1776 Apollinem
685 1707 808 1762 lllurtem
838 1707 996 1762 Vulcanum
1022 1707 1184 1774 Neptunum
1208 1709 1302 1764 Solem
1321 1709 1425 1765 Orcmn:

298 1804 433 1858 Liberum
449 1809 560 1869 patrem
581 1802 722 1856 Tellurem
741 1801 873 1855 Cererem
897 1799 1035 1855 lunonem
1054 1799 1165 1855 Lunam
1188 1800 1314 1856 Dianam
1332 1801 1426 1856 Miner·

300 1913 364 1951 unm
390 1895 526 1951 Venerem
546 1895 671 1949 l'estnm:
691 1893 726 1947 In
745 1893 845 1960 quitus
863 1893 994 1949 omnibus
1012 1891 1074 1946 XX
1088 1894 1236 1949 ditodccim
1256 1911 1349 1951 rueres
1365 1901 1427 1949 octo·

299 2005 351 2056 quc
368 1989 476 2056 femine
494 1993 562 2043 sunt
581 1986 672 2054 Hique
690 1986 788 2041 selecti
805 1987 845 2040 iiii
863 1987 1040 2041 dicebantur.
1064 2015 1096 2022 -
1120 1986 1278 2042 Duodecim
1301 1989 1341 2042 iiii
1356 1993 1427 2042 erunt

299 2082 411 2148 Iupiter
430 2081 503 2136 Iuno
522 2081 671 2146 Neptunus
690 2079 824 2134 Minerua
843 2077 926 2134 Mors
951 2079 1046 2134 Venus
1065 2080 1163 2146 Apollo
1180 2079 1278 2136 Diana
1297 2081 1428 2136 Vulcanus

307 2175 391 2242 Vesta
409 2173 576 2228 Mercurius
597 2173 682 2228 Ceres
703 2173 804 2239 trisque
822 2171 920 2226 Plauti
941 2177 1034 2226 aetate
1057 2171 1185 2239 Populus
1207 2172 1241 2229 D.
1261 2181 1326 2240 post
1341 2189 1427 2238 accep·

299 2275 356 2322 tam
374 2267 482 2323 cladem
501 2267 539 2320 ael
556 2265 662 2321 lacum
684 2265 880 2321 Trasimenum
905 2281 1055 2331 cessimque
1073 2267 1233 2320 exercitum
1252 2284 1321 2322 curu
1336 2267 1430 2321 Flami·

301 2363 348 2415 nio
366 2361 437 2416 dirce
455 2365 586 2415 curatum
604 2359 808 2414 lectisternium
826 2365 853 2413 et
867 2373 921 2426 per
937 2358 1074 2412 Triduum
1085 2358 1211 2413 habitum
1229 2367 1257 2414 ct
1273 2361 1429 2426 puluinaria

301 2457 331 2508 in
349 2460 501 2520 conspectu
517 2452 604 2519 suere
627 2451 869 2520 supplicatumque
892 2467 955 2506 cum
983 2451 1149 2518 coniuqiirus
1171 2459 1198 2507 ct
1216 2453 1317 2509 liberis
1335 2470 1387 2508 aon
1403 2452 1431 2506 ab

303 2547 414 2602 tertona
433 2546 611 2600 multitudine
629 2550 737 2600 tuntum
755 2546 807 2599 secl
828 2551 855 2599 et
873 2547 982 2610 apresti
999 2547 1117 2611 quasin
1135 2544 1231 2611 aliqua
1250 2562 1306 2601 suu
1323 2547 1431 2614 fortuna

301 2639 414 2706 publiea
432 2655 539 2705 quoque
558 2639 752 2704 coniunqebat.
774 2663 803 2672 —
827 2635 903 2688 Haec
921 2634 1155 2701 quemadmodum
1174 2651 1208 2689 ex
1226 2636 1333 2700 Nonio,
1351 2635 1433 2690 Chari-

303 2729 352 2796 sio,
370 2729 526 2794 Prisciano,
544 2729 684 2794 Varrone,
702 2727 872 2797 Augustino,
894 2726 972 2781 Livio
996 2730 1131 2796 congesta
1149 2731 1225 2794 sunt,
1243 2729 1286 2784 its
1305 2747 1374 2799 quae
1391 2747 1434 2798 per

302 2822 443 2893 proximas
460 2821 670 2891 Amphitruonis
692 2822 810 2891 paginas
828 2837 925 2890 sparsa
942 2823 1006 2874 sunt
1023 2822 1190 2888 testimonia,
1214 2823 1250 2876 ad
1268 2821 1434 2886 Pausaniam,

303 2917 479 2982 Strabonem,
498 2915 685 2980 Aristotelem,
703 2915 736 2968 D.
751 2914 949 2982 Hieronymum
968 2913 1004 2980 (in
1023 2914 1154 2982 Esaiam),
1172 2914 1346 2980 Suetonimn,
1364 2915 1434 2970 Colu-

304 3010 426 3076 mellam,
449 3008 617 3074 Vitruvium,
644 3007 724 3061 Plinii
747 3007 780 3061 N.
799 3007 843 3074 H,
867 3006 1006 3059 Donatum
1029 3006 1155 3074 aliosque
1178 3011 1311 3078 spectant
1332 3023 1436 3064 numero

303 3101 444 3172 plurimos.
477 3133 509 3140 -
539 3100 630 3154 Vnum
657 3101 686 3154 in
708 3101 789 3154 tanta
811 3099 985 3152 multitudine
1004 3099 1138 3153 scholium
1161 3099 1346 3168 offendimus,
1372 3099 1437 3169 quod
1483 3118 1484 3155 i

304 3195 376 3248 unde
395 3195 508 3249 ductum
527 3194 563 3248 sit
580 3194 715 3263 indagare
733 3211 789 3247 non
807 3191 988 3261 potuerimus,
1006 3191 1178 3262 adscriptum
1197 3193 1300 3248 Bacch.
1321 3195 1342 3260 l,
1362 3201 1383 3260 i,
1400 3197 1437 3246 36:

306 3288 461 3344 Castrum
479 3297 542 3345 erat
560 3290 613 3344 tcle
630 3305 720 3355 persus
738 3288 808 3344 bello
826 3288 938 3354 persico
957 3289 1111 3342 timentum.
1152 3287 1251 3344 Celsus
1270 3290 1362 3345 libros
1379 3303 1438 3344 suas

306 3398 324 3434 o
348 3383 486 3436 uarietate
510 3398 607 3436 rerum
634 3387 750 3437 cestos
776 3382 897 3436 uocauit.
942 3377 1022 3445 [Vide
1049 3377 1253 3446 praefationem
1276 3379 1438 3436 Bacchidun
1482 3369 1483 3459 l

307 3472 343 3533 (a.
365 3475 439 3538 lato)
457 3488 484 3540 p.
503 3471 540 3524 VI
559 3471 634 3540 adn]
664 3503 696 3511 -
726 3471 769 3525 Arl
791 3470 959 3525 Bacchidem
981 3469 1090 3524 initium
1113 3470 1148 3524 de
1170 3470 1291 3527 luscinia
1309 3489 1440 3542 exponens

307 3562 396 3630 deque
414 3561 475 3616 loeo
493 3564 647 3632 perpetrati
665 3583 683 3618 a
700 3565 790 3618 Tereo
809 3563 937 3617 facinoris
960 3561 1148 3630 discrepantia
1170 3567 1300 3619 veterum
1323 3565 1438 3620 testimo-

306 3654 354 3707 nia
376 3669 543 3724 componens
565 3655 649 3710 etiam
676 3675 741 3738 suae
765 3656 865 3712 aetatis
892 3655 1056 3725 scriptorem
1079 3656 1202 3710 novicius
1225 3657 1272 3712 ille
1298 3659 1440 3712 scholiasta

308 3747 507 3801 commemorat
524 3747 566 3800 his
584 3748 689 3802 verbis:
709 3752 849 3807 Domitius
867 3751 933 3806 dum
946 3750 1080 3805 Straboni
1092 3752 1289 3818 restipulatur
1308 3757 1358 3820 qui
1376 3753 1441 3808 uide·

307 3857 356 3906 tur
373 3856 478 3905 taxare
499 3849 668 3917 Tuepdidem
687 3853 824 3920 aliterque
842 3853 989 3919 tepentium
1007 3857 1104 3907 censet
1122 3855 1218 3908 nescio
1240 3848 1298 3920 qua
1328 3858 1368 3910 nit
1388 3857 1442 3908 eius
1480 3885 1481 3888 =

308 3959 422 3999 sensum
437 3946 530 4011 possit
549 3945 636 3998 uerba
655 3947 830 4012 ‹letorquere
850 3973 883 3980 -
906 3941 1036 3996 Ceterum
1054 3941 1139 3996 etiam
1156 3941 1346 4012 discrepantis
1364 3942 1441 4012 scrip-

308 4035 387 4088 turae
406 4033 562 4088 notationes
580 4050 635 4088 non
652 4052 755 4105 pancas
777 4035 858 4089 huius
881 4033 983 4088 codicis
1005 4035 1145 4104 margines
1167 4036 1279 4102 tenent,
1303 4035 1442 4106 adscriptis

309 4127 471 4194 plerumque
488 4127 531 4179 his
549 4127 641 4181 verbis
659 4133 688 4184 iu
707 4130 763 4184 alio
781 4131 876 4184 codice
893 4127 938 4181 vel
957 4131 986 4183 in
1005 4133 1118 4197 antiquo
1137 4131 1248 4186 coelice:
1267 4131 1346 4184 uncle
1363 4145 1440 4200 appa·
1479 4167 1480 4176 ,

310 4217 353 4271 ret
371 4217 440 4272 duos
458 4219 603 4272 librariam
621 4219 729 4274 codices
747 4236 902 4288 usurpasse,
921 4237 1037 4287 quorum
1055 4219 1127 4274 alter
1143 4219 1347 4289 interpolatam
1360 4219 1442 4275 Plauti

311 4309 498 4364 recensionem
521 4311 676 4376 exhiberet,
703 4313 775 4373 alter
802 4313 837 4365 ab
864 4312 906 4365 his
933 4311 1192 4381 interpolationibus
1213 4313 1314 4382 paullo
1337 4313 1443 4369 liberior

312 4399 425 4468 propius
443 4403 589 4457 accederet
607 4402 643 4456 ad
661 4403 851 4458 Palatinarum
868 4403 1066 4473 integritatem.
1478 4401 1479 4404 '
