2980 5148
406 399 627 451 auossrurvir
649 403 863 452 rusvrusvu.
1144 387 1207 452 259

84 554 357 618 iluncnc'oasimiru
373 561 474 619 omniu
485 559 564 619 tae'c
575 558 771 620 exciderunt:
786 555 839 621 ubi
855 561 939 622 notis
949 562 1119 620 communia
1131 560 1207 620 Ircec

83 661 153 726 libri.
183 660 285 750 [Adde
299 662 488 729 Buecheleri
503 666 538 730 in
554 666 637 730 Mus.
654 665 717 730 Rh.
730 665 792 730 XV
808 687 840 750 p.
853 667 917 730 430
932 663 1204 754 disput-ationem]

153 774 192 836 72
213 787 398 853 quorumo:
426 775 542 839 Pseud.
566 775 623 860 IV,
648 778 684 858 7,
709 778 747 840 77
772 777 884 862 (1173)
906 780 1046 856 quotumo'
1068 783 1117 843 die
1143 775 1205 842 'Ec

83 887 264 948 Sicuonclmc
281 887 472 966 persensa?
492 886 579 950 inter
601 887 751 950 adverbia
774 887 913 970 positum
936 909 954 950 a
976 886 1206 972 glossographo

83 1015 136 1057 uon
162 995 264 1059 minus
292 995 405 1079 pingui
436 1017 541 1060 errore
563 1019 658 1080 quam
681 1018 742 1080 quo
768 1019 864 1080 supra
886 1000 906 1077 ξ
929 996 971 1060 45
993 1002 1205 1076 usquemodo.

154 1105 192 1168 73
212 1128 351 1170 rursus
374 1127 446 1170 cum
467 1107 552 1171 inter
573 1128 683 1170 versus
708 1107 789 1170 1173
812 1106 943 1170 111290
957 1107 1024 1170 noir
1046 1109 1149 1171 exstet
1170 1107 1205 1170 in

84 1213 238 1300 Pseudulo,
280 1215 319 1279 de
358 1215 475 1280 lacuna
509 1216 616 1300 aliqua
656 1216 722 1280 eius
759 1215 889 1281 fabulae
923 1199 1102 1300 suspicatus
1136 1239 1206 1280 snm

83 1325 170 1407 praef.
191 1349 222 1410 p.
245 1325 304 1390 XI.
349 1325 421 1390 Nisi
449 1327 488 1390 de
509 1325 645 1390 traiecta
666 1348 725 1410 per
746 1348 885 1392 errorem
907 1326 1015 1412 glossa
1038 1328 1205 1412 cogitabis,

84 1457 151 1518 qnae
171 1439 319 1520 excerpta
341 1436 384 1499 stt
406 1457 538 1500 eversu
560 1436 619 1520 ΙΙΙ,
643 1437 675 1519 2,
699 1437 740 1500 82
763 1438 851 1519 (870)
876 1442 967 1513 Quem
991 1437 1125 1520 (Peliam
1140 1437 1206 1502 Me·

84 1545 145 1627 dea)
164 1551 379 1612 me'dr'camcmo
399 1557 429 1610 ct
450 1544 511 1610 stirs
533 1553 653 1610 venenis
674 1548 789 1612 decitur
811 1549 929 1612 Fecisse
949 1569 1056 1612 rursus
1076 1551 1117 1612 e'c
1137 1569 1207 1612 senc

84 1660 340 1721 adulescentulum:
361 1656 416 1719 ubi
438 1677 547 1722 rursus
568 1678 650 1720 unus
673 1657 813 1721 servavit
833 1658 1067 1722 Ambrosianus
1088 1679 1146 1741 pro
1168 1679 1205 1722 eo

83 1765 155 1846 quod
164 1767 197 1830 in
208 1765 374 1831 Palatinos
387 1766 524 1850 inrepsit
541 1787 672 1831 rursum.
696 1766 765 1831 Nec
777 1767 863 1832 cnim
876 1769 915 1831 de
927 1767 1029 1832 nihilo
1051 1771 1101 1830 est
1122 1767 1205 1852 quod

82 1873 110 1936 in
129 1879 215 1941 tanta
235 1877 419 1960 frequentia
440 1897 560 1941 rursum
583 1877 645 1958 (vel
661 1899 788 1950 russum,
805 1878 950 1962 rusum*)
965 1877 1088 1942 formae
1102 1880 1206 1963 ipsam

81 2006 174 2050 rursu
194 1987 327 2071 dignam
348 1986 461 2050 habuit
482 1986 733 2072 glossographus
754 2009 850 2072 quam
865 1992 1050 2071 excerperet
1064 1989 1204 2052 omnino.

79 2091 155 2158 Nam
183 2101 309 2180 praeter
340 2096 432 2160 illum
452 2096 604 2160 Pseuduli
633 2119 758 2162 versum
791 2119 890 2162 unum
922 2101 1110 2180 tantum**)
1139 2100 1206 2163 eius

80 2201 190 2270 formae
221 2211 296 2270 ante
328 2206 477 2292 ¹vocalem
514 2206 672 2272 admissae
711 2208 890 2292 exemplum
924 2229 1055 2292 prorsus
1084 2211 1206 2272 certum
1268 2255 1271 2262 .

77 2333 128 2394 per
147 2313 312 2381 Plautinas
343 2316 471 2380 tabulas
504 2316 622 2400 viginti
655 2321 774 2382 exstat:
824 2317 942 2381 Persae
964 2318 996 2400 Ι,
1019 2317 1051 2399 2,
1078 2317 1116 2381 19
1138 2319 1205 2401 (71)

80 2425 228 2490 Taruidem
244 2433 296 2490 Ille
310 2428 478 2491 ruiramus
500 2430 607 2491 Iniciet!
627 2447 765 2493 manum:
790 2428 878 2492 cuius
901 2449 1011 2491 versus
1034 2427 1203 2512 scriptura,

76 2537 245 2600 eommunis
278 2559 316 2600 ea
347 2535 502 2601 librorum
533 2537 686 2618 omnium,
720 2559 787 2602 non
820 2537 911 2602 video
943 2538 1060 2621 quibus
1084 2537 1206 2601 artibus

73 2641 232 2710 sollicttari
254 2647 366 2730 possit.
400 2685 443 2696 —-
476 2647 563 2711 Ante
597 2651 827 2712 consonantem
860 2651 967 2710 autem
1000 2669 1073 2711 cum
1100 2669 1207 2712 rursus

72 2751 168 2819 forma
201 2757 238 2820 in
269 2757 348 2840 ipsis
380 2756 471 2821 libris
505 2758 547 2820 sit
578 2757 759 2842 rarissima,
782 2761 849 2820 tum
873 2757 982 2821 nescio
1005 2779 1047 2820 an
1069 2779 1089 2820 a
1110 2761 1206 2841 poeta

71 2883 194 2944 prorsus
228 2867 271 2930 sit
303 2865 526 2931 abiudicanda.
583 2867 673 2942 Quod
705 2872 741 2932 ut
763 2868 915 2952 suspicer,
939 2867 1078 2950 primum
1099 2866 1206 2929 multi·

72 2976 269 2996 Ἣ

129 3018 155 3087 *)
172 3017 217 3073 De
236 3018 291 3072 hac
307 3017 505 3087 pronuntiandi
522 3018 716 3086 scribendique
733 3019 881 3086 varietate,
900 3033 971 3086 quae
989 3017 1073 3070 etiam
1092 3016 1128 3070 cd
1146 3016 1207 3070 affi-

67 3107 109 3162 nia
130 3113 228 3166 cotem
251 3110 376 3181 pertinet
397 3110 460 3178 (nisi
482 3112 557 3178 quod
579 3113 673 3166 111111
698 3130 783 3170 coras
806 3130 901 3170 vosrrm
924 3112 1048 3168 odacrus
1071 3111 1207 3167 eduorum

67 3216 122 3256 curn
138 3203 284 3274 parilibus
301 3221 438 3272 nusquam
461 3204 595 3273 scriptum
612 3204 693 3274 vidi),
711 3205 816 3259 dictum
832 3211 877 3259 ost
894 3202 1002 3272 Proleg.
1022 3219 1048 3272 p.
1069 3200 1136 3268 CIV,
1159 3202 1207 3256 ubi

66 3293 256 3352 Plautinorum
274 3297 411 3352 librorum
432 3297 560 3366 exempla
578 3298 719 3366 composui
737 3298 842 3352 omnia:
866 3312 921 3365 quo
939 3295 1011 3350 adde
1028 3295 1098 3349 Mus.
1118 3295 1205 3350 Rhea.

66 3383 123 3442 VIII
139 3409 168 3460 p,
190 3397 243 3448 156
263 3390 328 3445 adn.
364 3390 471 3460 Tetigit
487 3390 565 3444 illam
584 3389 669 3444 etiam
686 3391 878 3445 Lachmanuus
895 3389 924 3443 in
941 3389 1020 3443 Lucr.
1039 3408 1067 3460 p.
1082 3393 1138 3444 144.

123 3485 165 3551 Ψ)
184 3484 264 3538 Nam
285 3483 658 3553 Αωρ111110111111111Π,
677 3489 701 3551 2,
720 3489 769 3538 165
788 3485 858 3551 (797)
878 3481 931 3536 etsi
948 3481 987 3536 sic
1005 3499 1070 3537 sane
1088 3482 1208 3554 scriptus

63 3576 99 3626 est
114 3575 143 3630 in
160 3576 309 3632 Vaticano
320 3575 468 3630 Vrsiniano
481 3578 557 3634 Huic
574 3578 688 3644 dedisti,
703 3579 826 3646 posthac
838 3595 944 3635 rursus
961 3578 1118 3645 dbsiqnosti
1128 3576 1206 3634 clrio-

62 3671 160 3738 cutum,
179 3673 296 3736 tamen,
315 3687 377 3723 cum
388 3669 475 3724 Vetus
492 3688 611 3728 rursum
622 3671 724 3736 teneat,
744 3668 865 3724 dubItari
877 3668 922 3723 vix
935 3670 1031 3740 potest
1048 3670 1114 3738 quin
1132 3671 1207 3723 recte

62 3780 173 3822 rursum
202 3763 398 3832 113111αυίπί
422 3763 586 3821 clrineulum
612 3763 767 3817 correctum
793 3761 837 3816 siI.
878 3761 910 3815 In
932 3761 1090 3816 Aululariae
1113 3763 1205 3815 autem

61 3854 101 3924 IV,
117 3865 145 3925 4,
164 3865 200 3913 22
226 3858 309 3915 No'vi
329 3856 550 3926 sucophantas.-
579 3873 630 3925 apc
653 3859 772 3913 rr'ersum
793 3857 908 3913 ostende
934 3856 991 3912 tric
1017 3873 1131 3912 manum
1157 3853 1208 3920 (sic

60 3951 126 4004 mim
142 3951 223 4020 libri)
255 3964 327 4004 care
344 3964 380 4004 ne
398 3949 431 4004 de
450 3949 642 4004 substituendo
665 3966 771 4007 rursus
798 3947 917 4018 cogites:
947 3947 1058 4016 quando
1083 3945 1207 4014 ipsorum

60 4042 189 4100 librorum
208 4059 270 4114 ope
290 4045 410 4099 rursum
428 4043 544 4100 ostende
561 4044 618 4100 leuc
635 4044 786 4100 deuterum
803 4043 848 4096 sat
860 4043 937 4096 certa
948 4039 1035 4093 Briin
1047 4039 1206 4092 coniectura

60 4139 207 4206 reposItum
227 4139 285 4192 est.
298 4164 335 4174 -
346 4133 387 4188 Ex
405 4134 445 4188 eis
463 4136 564 4202 autem,
583 4151 654 4202 quae
667 4153 750 4204 supra
766 4134 859 4205 posita
876 4134 948 4200 aunt,
965 4130 1104 4199 intellegis
1122 4146 1206 4198 quam

61 4239 127 4288 recte
150 4249 268 4292 rursus
292 4229 414 4282 tonnam
436 4227 549 4297 Lingius
571 4228 606 4281 de
627 4226 706 4282 hiatu
728 4247 756 4298 p.
774 4233 806 4281 41
830 4225 989 4280 Plautinum
1012 4239 1071 4278 csse
1094 4222 1206 4276 omnino

59 4327 212 4395 negaverit:
233 4321 318 4395 quod
336 4321 363 4376 ei
381 4320 494 4376 credens
511 4319 649 4388 Reisiglus
661 4319 751 4375 Schol.
766 4337 883 4390 gramm.
902 4335 929 4386 p.
944 4323 992 4370 111
1012 4315 1096 4370 etiam
1114 4315 1206 4370 incon·

60 4420 148 4478 cultius
161 4434 303 4493 prorsus
320 4414 422 4469 Plauto
438 4413 621 4468 recentiorem
639 4413 717 4470 dixit.

950 4499 1014 4566 17*
