3002 5146
261 385 321 448 164
427 392 434 404 '
523 387 616 448 &BER
644 400 705 448 DIE
727 402 852 450 KRlTIK
875 400 942 450 DES
964 401 1131 449 PLAUTUS.

259 562 377 635 cuppes
398 576 524 620 uuurus.
548 561 666 634 clinans
692 561 878 634 despolietur
904 560 1164 620 Lutebricoturum
1186 553 1307 618 hominu
1325 571 1384 613 cor·

257 677 375 745 ruptor.
411 671 542 730 blundus
574 672 671 746 inops.
701 664 800 730 celati}
830 672 1006 744 indnuntur.
1089 663 1175 751 [259]
1213 668 1385 740 Quamquam

258 782 335 841 iliud
356 790 399 840 est
421 782 518 840 dulce.
543 797 606 840 csse
627 782 653 850 ά
675 781 784 840 bibere.
813 797 900 840 umor
927 797 1038 840 unare
1066 781 1121 873 utcu
1150 779 1205 839 tibi
1225 779 1298 838 sutis
1317 774 1388 850 quui

258 933 330 991 eure
351 918 397 975 sit.
466 909 551 999 [264]
581 918 667 976 Mitte
688 917 783 976 modis
805 933 891 976 umor
913 872 1145 990 tunoruncvest.
1173 915 1286 974 Procul
1311 912 1388 970 udisi-

257 1027 371 1086 smnus
392 1032 445 1087 cst.
462 1034 552 1100 utque
573 1028 762 1102 uptinendus.
794 1027 872 1086 Nam
895 1029 998 1101 quiin
1021 1042 1153 1086 umorem
1170 1023 1388 1102 praecipitauit.

255 1140 343 1212 peius
361 1139 442 1211 perit
463 1153 554 1227 quum
580 1139 610 1196 si
628 1154 709 1198 saxo
729 1140 830 1197 satiat.
874 1141 979 1212 Apucc
1005 1139 1047 1197 sis
1067 1154 1164 1196 arnor.
1187 1145 1256 1196 tuus
1278 1150 1325 1192 res
1344 1132 1394 1190 tibi

508 1230 516 1256 Ι

258 1274 345 1332 huie.
383 1274 477 1334 Amor
498 1290 527 1331 m
550 1276 664 1333 unicus
686 1291 724 1333 ne
746 1273 824 1346 suus
851 1290 994 1348 unquam.
1033 1272 1110 1333 Sunt
1132 1271 1164 1332 tit
1183 1289 1256 1347 quos
1277 1271 1393 1329 miserus

258 1378 358 1467 maten
386 1383 507 1443 habens.
548 1383 625 1454 Quos
651 1385 709 1443 tibi
734 1385 880 1444 obnoxios
898 1383 1010 1456 fecisti.
1078 1376 1164 1466 [281]
1190 1383 1264 1441 liuto
1286 1396 1341 1454 eyn
1360 1371 1394 1437 cu

260 1494 373 1569 innuis
394 1501 423 1553 te
444 1495 520 1553 uiris
540 1500 634 1566 uncte
654 1497 704 1554 nu‘.
722 1494 800 1569 Neq;
829 1497 859 1553 in
883 1497 935 1553 uin
957 1511 1027 1568 neq;
1056 1496 1087 1553 in
1107 1492 1182 1565 soro
1204 1490 1269 1552 uiti
1291 1505 1394 1550 sernu-

260 1622 326 1663 nem
349 1606 482 1678 exsequi.
526 1604 609 1664 Noui
628 1621 684 1682 eqo
705 1604 762 1664 hoc
783 1609 863 1664 scin
885 1605 993 1673 morin
1021 1605 1105 1678 quitu·
1125 1606 1173 1663 sit.
1198 1603 1303 1662 Mutus
1323 1597 1397 1660 bonit

259 1712 343 1774 rnatu
377 1732 440 1774 esse
467 1717 539 1774 nott.
567 1721 599 1773 ut
620 1717 659 1774 sit
679 1717 729 1774 sui
748 1717 861 1805 sinitis.
952 1707 1038 1796 [287]
1069 1715 1137 1799 Ηςο
1168 1716 1231 1774 dics
1264 1718 1395 1783 noctesq;

260 1859 352 1910 cuuto
373 1846 459 1928 (dies‘
477 1844 573 1909 Wort
593 1847 629 1908 in
650 1809 798 1932 Busan)
818 1857 851 1909 ut
872 1868 994 1910 cuncus.
1027 1851 1113 1921 Quod
1133 1868 1227 1911 nunu
1249 1868 1311 1910 non
1333 1863 1397 1924 que-

261 1970 314 2021 unt
336 1969 471 2034 tannem.
495 1959 656 2032 tantulus
677 1958 732 2020 hut
753 1979 811 2036 quo
832 1979 939 2021 munus
960 1964 1120 2035 uptineant
1142 1957 1198 2041 (ap
1220 1956 1256 2020 in
1271 1953 1397 2035 Bessus).

326 2064 412 2153 [310]
440 2070 484 2132 Tu
505 2073 532 2130 si
552 2070 658 2131 animi]
682 2073 783 2131 uicisti
797 2072 889 2148 poci'
913 2089 1003 2147 quum
1026 2074 1143 2132 unimus
1165 2081 1203 2131 te.
1227 2070 1244 2130 ἒ
1267 2073 1312 2144 qut
1326 2085 1397 2142 unu-

262 2182 344 2239 deus.
389 2180 489 2240 Nimio
516 2183 612 2242 satius
638 2185 685 2240 tui
710 2199 784 2256 opus
809 2191 836 2242 st
863 2191 892 2242 tc
917 2185 962 2241 itu
984 2198 1047 2241 csse
1068 2199 1157 2256 quum
1180 2188 1213 2241 ut
1235 2183 1338 2240 animo
1359 2182 1398 2237 iu-

262 2301 340 2358 bere.
380 2298 438 2369 Qui
459 2300 562 2361 unimu'u
583 2273 667 2360 utine?
687 2318 777 2376 quum
806 2319 880 2375 quos
902 2303 1020 2361 (mimus
1046 2317 1128 2376 semp
1149 2301 1275 2374 'nitores
1304 2300 1399 2358 cluen—

261 2412 308 2469 tis.
387 2402 472 2492 [320]
503 2410 674 2484 Benesuctu
701 2411 871 2484 benefactis
897 2414 966 2472 ultis
990 2393 1105 2487 nteuito
1131 2428 1170 2470 ne
1194 2413 1340 2486 npluunt.

263 2511 348 2602 [322]
382 2519 439 2590 Qui
457 2523 540 2597 ipsus
560 2539 592 2581 se
614 2525 805 2598 contempnit.
829 2502 847 2582 ἶ
869 2531 931 2582 'eost
952 2523 1067 2581 indoles
1089 2522 1246 2606 industrie.
1318 2511 1399 2601 [339]

262 2630 308 2688 De
328 2632 464 2691 mendico
486 2634 564 2691 mule
591 2641 722 2692 meretur
743 2636 796 2708 qui
821 2636 850 2693 ci
870 2635 925 2692 dut
947 2635 1029 2707 quod
1049 2633 1112 2692 edit
1133 2638 1187 2693 aut
1208 2631 1293 2706 quod
1313 2631 1400 2691 bibat.

262 2739 314 2800 Νᾶ
334 2747 364 2800 et
385 2743 463 2801 titud
483 2745 565 2818 quod
586 2745 641 2803 dut
668 2744 735 2815 uuit
761 2751 790 2803 et
818 2746 866 2803 itti
888 2745 995 2819 pducit
1021 2745 1115 2803 uitam
1138 2744 1181 2803 ud
1201 2740 1341 2802 miseriti.

264 2845 350 2935 [343]
386 2854 425 2914 Vt
452 2855 496 2912 itu
524 2861 552 2912 te
579 2851 680 2915 ulioru
710 2856 832 2913 miseres
859 2869 936 2914 enne
965 2851 1056 2933 (cunc
1077 2849 1112 2911 in
1135 2847 1254 2931 Rasur)
1278 2856 1327 2913 tui
1347 2853 1402 2910 uti’

261 2966 410 3023 misereat.
448 2963 595 3022 Deserere
615 2965 699 3023 illum
723 2965 751 3038 4
773 2965 921 3024 deiuuure
948 2967 979 3024 in
1001 2964 1089 3024 rebus
1117 2965 1260 3024 aduersis
1279 2964 1402 3039 pudeat.

262 3075 318 3133 Pol
337 3074 455 3150 pudere
476 3091 566 3147 quum
592 3077 700 3149 pioerc
725 3072 808 3147 fustus
836 3076 957 3135 totidem
985 3076 1089 3135 literis.
1158 3067 1244 3156 [347]
1276 3074 1406 3135 Bencsi

263 3186 360 3243 unico
378 3181 503 3255 seceris.
542 3184 588 3242 Ne
606 3187 715 3260 piceni
732 3184 854 3257 secisse.
877 3191 911 3245 ut
928 3188 1036 3261 pocius
1054 3186 1171 3260 puteat
1191 3187 1220 3244 si
1239 3202 1300 3245 non
1322 3184 1403 3258 sece-

253 3295 315 3351 ris.
383 3285 471 3373 [388]
509 3294 641 3354 Grauius
672 3298 731 3355 erit
758 3299 816 3356 turi
843 3294 909 3357 unt
939 3293 1034 3356 ueriti
1064 3297 1107 3354 tud
1127 3311 1193 3354 earn
1215 3313 1290 3355 rem.
1316 3313 1404 3371 quam

263 3410 381 3462 centum
403 3419 478 3461 meu.
547 3397 632 3488 [446]
664 3407 760 3466 Bonis
786 3409 846 3467 tuis
872 3407 961 3466 rebus
983 3422 1065 3465 meas
1086 3423 1136 3465 res
1157 3408 1274 3466 inrides
1296 3409 1405 3466 mulus.

330 3503 416 3594 [478]
451 3514 664 3576 Verecunduri
689 3510 807 3577 nemine
834 3492 897 3593 (1ρῖ
915 3533 1047 3577 mensam
1069 3517 1163 3576 dccet.
1202 3516 1282 3576 Nam
1306 3518 1351 3576 ibt
1370 3518 1406 3574 tie

264 3624 376 3682 diuinis
398 3628 466 3696 atq:
499 3624 640 3685 numanis
666 3630 810 3688 cernitur.
890 3620 974 3710 [490]
1006 3627 1064 3686 Dei
1089 3628 1198 3686 diuites
1224 3634 1306 3687 sunt.
1337 3628 1407 3686 deos

880 3713 888 3747 ί

264 3759 350 3818 decet
372 3760 533 3846 opulcntic.
600 3755 686 3846 [518]
711 3764 856 3825 Arcnono
877 3771 889 3823 t
913 3780 969 3837 cco
996 3765 1053 3823 noc
1080 3764 1158 3824 dico.
1181 3780 1220 3822 ne
1241 3764 1294 3822 itte
1316 3781 1358 3824 esc
1379 3771 1406 3823 te

262 3872 349 3930 sciat.
388 3869 473 3930 Neue
506 3872 751 3946 unusquisquam.
831 3866 915 3956 [620]
950 3872 1053 3933 Nimis}
1086 3872 1243 3946 difficilest
1272 3876 1409 3950 reperiri

263 3977 400 4041 inimici.
427 3982 472 4040 itu
501 3987 535 4040 ut
563 3980 631 4041 norit
654 3983 743 4042 cluet.
784 3983 861 4054 Quoi
887 3991 969 4043 tuum
990 4001 1057 4043 cum
1079 4000 1142 4042 rent
1164 3984 1313 4044 crederis.
1344 3989 1407 4044 siue

265 4093 346 4150 omni
375 4107 452 4151 curu
482 4091 625 4152 dormies.
660 4173 666 4183 ι
720 4089 810 4174 [632]
846 4093 924 4164 Quin
952 4093 1078 4167 faceres
1109 4095 1137 4152 si
1162 4095 1228 4182 quis
1255 4096 1408 4154 docuisset

656 4185 664 4212 Ι
1214 4187 1220 4211 Ι

264 4233 302 4283 te.
326 4233 358 4285 ut
384 4228 428 4286 sic
450 4227 520 4287 odio
541 4245 618 4288 esses
645 4245 684 4287 m.
716 4228 773 4299 Qut
798 4227 836 4289 bri
864 4228 904 4289 cui
926 4232 1051 4290 simulas
1068 4228 1179 4302 snccrc
1205 4246 1233 4287 m
1256 4235 1295 4289 tc.
1328 4233 1408 4290 mate

260 4341 345 4414 sucis
366 4347 445 4404 utute
465 4350 605 4408 consuis
673 4339 760 4427 [638]
789 4347 911 4408 Nullum
939 4347 1078 4421 bnficium
1105 4311 1140 4407 ce
1159 4349 1237 4407 duco
1258 4350 1301 4407 id.
1326 4350 1408 4425 quud
