2996 5148
267 287 330 361 422
395 313 441 360 DE
465 311 680 360 Asscvnuuro
703 309 923 360 Acssosrwno
948 309 1082 359 mmrls
1105 309 1282 359 GLORIOSI.

267 489 353 550 mus,
382 487 444 550 quo
472 463 569 528 latius
596 463 652 528 illa
680 465 751 548 ipsa
775 464 927 549 analogia
954 483 1012 548 per
1034 463 1260 548 antiquitatem
1280 463 1402 549 linguae

269 580 373 662 patet:
411 575 495 661 quod
522 587 625 660 genus
653 573 715 639 alio
744 596 848 658 nuper
875 573 1020 659 exemplo
1049 574 1280 639 illustravimus
1308 573 1402 638 Musei

271 685 420 752 Rdrenani
452 689 476 750 t.
500 685 595 750 XXII
627 708 659 770 p.
682 685 756 750 607.
779 685 853 750 613.
898 683 986 761 Quae
1015 707 1087 750 cum
1112 685 1159 752 ite
1181 686 1267 768 sint,
1302 685 1405 769 quidni

270 797 447 882 simplicem
474 804 505 860 ei
529 796 721 878 scripturam
754 796 839 880 apud
867 795 1019 861 Plautum
1051 817 1229 879 servemus,
1261 795 1297 860 in
1324 795 1406 860 ouius

272 908 433 973 codicibus
456 905 590 971 alicuius
611 913 654 971 eir·
666 905 789 992 formae
804 928 845 970 ne
860 907 1083 972 tenuissimum
1098 905 1228 992 quidem
1243 905 1408 991 vestigium

271 1017 397 1084 exstet?
419 1055 460 1065 -
488 1014 689 1101 Quamquam
717 1017 915 1081 consimilem
938 1033 1060 1094 Qvoffir
1081 1017 1220 1082 formam
1247 1016 1409 1082 fatendum

271 1133 320 1194 est
342 1144 420 1193 sane
443 1127 540 1192 eham
560 1127 862 1212 interpretationem
883 1149 950 1193 uon
972 1127 1142 1193 admittere
1164 1126 1229 1192 nisi
1251 1130 1289 1192 nt
1310 1127 1409 1192 valeat

292 1261 330 1306 ao
346 1262 383 1304 er.

213 1263 290 1414 tuq
325 1237 508 1434 JSripcrest
521 1354 567 1433 ut,
590 1351 761 1434 posmnam
780 1349 942 1434 permensi
957 1371 1065 1414 sumus
1087 1350 1320 1434 praestitutum
1336 1371 1412 1416 cam·

271 1483 364 1545 pum,
388 1481 546 1524 summam
573 1481 785 1544 eorumquae
813 1460 957 1526 videmur
979 1461 1178 1546 explorasse,
1208 1461 1255 1525 sic
1280 1460 1414 1526 breviter

274 1570 596 1656 comprehendamus:

378 1711 565 1770 Meretricem
587 1711 715 1771 Athenis
737 1695 892 1786 Itphcsum
913 1713 1000 1773 miles
1023 1713 1134 1774 trehit.

378 1797 415 1855 Id
438 1797 510 1856 dum
532 1815 581 1855 ero
605 1797 719 1854 ornanti
740 1799 842 1856 servos
863 1798 1004 1856 nuntitre
1025 1799 1092 1858 volt

379 1882 495 1958 Legtto
517 1901 650 1958 peregre,
675 1884 795 1956 cleptust
817 1882 901 1958 ipsus
923 1886 956 1942 in
977 1884 1053 1942 mari

379 1967 420 2024 ut
443 1967 539 2026 tidem
560 1967 606 2024 illi
628 1967 718 2024 militi
741 1967 819 2025 dont
843 1967 955 2026 datust.

316 2056 332 2104 5
380 2051 475 2110 Suum
497 2051 619 2110 arcessit
641 2069 742 2111 servos
766 2051 920 2111 dominum
940 2051 1068 2113 Athenis
1092 2055 1122 2112 dt
1145 2053 1226 2112 forat

381 2133 514 2194 Geminis
537 2153 723 2195 communem
745 2139 819 2196 scite
841 2138 987 2212 parietem
1009 2139 1149 2211 aedibus,

380 2217 497 2278 Licdrct
518 2223 554 2279 ut
575 2221 651 2280 olam
673 2222 829 2282 convenire
852 2223 1032 2282 amtntibua

382 2303 531 2364 oberrans
554 2309 655 2366 eustos
677 2306 731 2366 hos
754 2307 897 2376 videt,de
918 2309 1046 2384 tegulis,

380 2388 527 2449 Ridiculis
550 2393 659 2463 autem,
684 2390 769 2467 qutsi
793 2385 927 2465 sitella,
951 2393 1077 2451 luditur.

312 2478 345 2528 10
386 2473 524 2550 Ittmque
544 2476 673 2551 impellit
694 2476 822 2534 militem
843 2476 1025 2550 Palaestrio,

382 2559 531 2620 Omissum
553 2558 645 2622 iaciat
666 2561 872 2634 cdncubinam,
896 2563 1018 2638 qutndo
1041 2564 1068 2622 ci

382 2645 468 2708 Senis
491 2645 582 2704 vicini
604 2646 706 2720 cupiat
727 2665 804 2705 uxor
825 2647 946 2706 nr'rbere.

381 2727 470 2787 Vltro
493 2729 581 2788 tbeat
604 2733 679 2804 orat,
703 2731 796 2790 donat
817 2733 922 2791 multa.
945 2733 1010 2808 ipsc
1033 2735 1065 2792 in
1087 2733 1177 2792 domo

384 2813 471 2872 Senis
494 2814 657 2890 prehensus
679 2819 793 2891 poenas
815 2835 870 2892 pro
892 2817 1015 2876 moecho
1037 2817 1105 2876 luit.
