2996 5148
204 333 212 340 '
260 327 323 392 416
569 341 616 388 na
640 339 855 388 anavunnro
878 339 1099 390 scnosmono

260 495 315 558 sed
344 493 539 576 transposito
566 503 692 574 emptum
725 494 759 557 in
789 495 964 558 concinnos
998 492 1226 578 elegantesque
1254 515 1401 560 numeros

261 602 473 668 convertant?
500 601 644 668 Haecine
666 603 887 668 inconstantia
910 607 959 668 est
979 624 1109 688 prorsus
1126 625 1238 668 carens
1258 605 1403 669 ratione?

260 714 290 779 A
313 713 560 797 simplicioribus
588 716 694 778 autern
721 735 816 798 quem
846 713 1038 778 admodum
1062 713 1098 777 in
1120 735 1185 777 uno
1207 735 1332 799 quoque
1354 735 1403 800 ge·

260 846 336 890 nere
363 819 404 888 ad
426 825 547 889 maiora
569 827 602 888 et
622 823 826 907 impeditiora
854 805 1102 910 fit'progressus
1123 823 1255 908 quidam
1278 827 1313 888 et
1333 847 1406 889 vero

260 937 309 999 est
330 934 446 1017 factus,
469 933 516 998 ita
538 932 613 1018 quid
634 934 750 998 mirum
773 935 800 998 si
823 955 882 998 nos
904 955 1027 1019 quoque
1055 955 1122 998 non
1145 936 1272 998 tanturn
1300 933 1405 1018 paullo

260 1044 405 1129 pluribus
427 1043 633 1128 transpositis
656 1065 725 1128 arg.
744 1043 843 1109 Mero.
870 1045 885 1107 1
911 1046 957 1108 sic
979 1044 1213 1110 restituendum
1235 1044 1407 1109 dixerimus

400 1186 509 1276 missus
532 1185 705 1245 adulescens
727 1185 765 1244 ab
788 1203 843 1244 suo
865 1188 1028 1244 mercatum
1055 1187 1141 1262 patre

185 1353 188 1362 ·
259 1338 318 1401 pro
345 1337 382 1380 eo
411 1315 494 1401 quod
517 1318 567 1380 est
587 1316 622 1379 in
643 1315 735 1379 libris
757 1328 923 1381 mercatum
947 1323 985 1380 ab
1007 1337 1061 1382 suo
1083 1320 1271 1397 adulescens,
1301 1337 1409 1381 rerum

162 1444 168 1455 ·
260 1428 373 1511 etiarn,
402 1425 504 1490 sicubi
533 1425 616 1490 nihil
645 1425 755 1490 ausilii
783 1447 800 1489 e
827 1425 1078 1510 transpositione
1106 1425 1173 1509 peti
1195 1427 1314 1510 possit,
1342 1427 1410 1490 aliis

261 1536 451 1601 emendandi
477 1535 600 1600 artibus
626 1539 754 1600 utemur
776 1537 838 1620 eis,
868 1558 948 1620 quae
975 1536 1009 1599 in
1039 1539 1127 1600 certa
1156 1536 1410 1618 corruptelarum

260 1668 380 1731 genera
408 1646 626 1710 conveniunt?
673 1645 772 1709 Velut
801 1645 917 1730 elapsis
952 1645 1154 1710 librariorum
1187 1645 1321 1711 incuria
1351 1647 1411 1711 sin·

260 1755 344 1841 gulis
367 1756 418 1820 vel
440 1755 572 1840 syllabis
595 1755 644 1820 vel
660 1755 781 1820 voculis
803 1777 898 1820 nemo
920 1759 969 1820 est
986 1755 1130 1840 profecto
1153 1755 1231 1838 quin
1254 1754 1412 1839 plurimos

260 1889 368 1930 versus
396 1865 534 1950 turpiter
562 1887 630 1930 esse
654 1869 820 1949 corruptos
844 1866 1008 1948 concedat,
1042 1865 1076 1928 in
1099 1864 1215 1949 quibus
1237 1865 1353 1932 nullus
1375 1869 1414 1931 sit

260 1976 367 2040 hiatus
396 1977 511 2040 factus.
556 1975 673 2051 Quales
700 1975 735 2039 in
767 1975 818 2040 his
847 1975 1056 2060 Argumentis
1084 1977 1213 2058 praeter
1242 1975 1414 2042 alioahos

260 2087 359 2150 habes
382 2087 475 2150 Asin.
500 2087 530 2150 3.
555 2085 648 2170 Capt.
671 2087 702 2150 4.
727 2084 806 2150 Oist.
832 2088 881 2150 10.
906 2085 1000 2169 Epid.
1023 2088 1054 2149 2.
1079 2084 1178 2150 Merc.
1203 2085 1239 2148 6:

688 2185 694 2228 ι

401 2252 551 2310 numerari
574 2253 662 2311 iussit
689 2271 774 2312 servo
797 2252 965 2311 Leonidae:

404 2340 522 2394 tantum
545 2338 668 2396 studens
691 2341 726 2396 ut
748 2341 854 2396 natum
875 2340 1045 2412 recuperet:

403 2421 506 2498 itaque
528 2421 594 2498 lege
617 2421 725 2480 etrite
748 2423 842 2482 civem
870 2422 1037 2498 cognitam:

402 2526 546 2582 persuasu
568 2507 646 2567 servi
669 2509 761 2583 atquc
784 2507 976 2566 conductam:

402 2593 497 2652 tradit
519 2592 627 2652 vicino.
651 2611 719 2650 eum
741 2595 831 2667 putat
852 2610 928 2650 uxor
949 2591 1022 2650 sibi:

261 2750 308 2814 sic
330 2749 416 2814 enim
438 2748 471 2811 bi
494 2748 605 2833 scripti
628 2751 704 2812 sunt
725 2749 761 2812 in
784 2747 955 2812 codicibus.
983 2745 1117 2812 Hiscine
1139 2749 1245 2834 igitur
1268 2755 1417 2818 versibus
1496 2805 1497 2844 p

261 2863 297 2924 ut
323 2857 508 2943 supplendis
529 2857 652 2922 lacunis
669 2859 918 2922 succurrendum
940 2857 983 2922 sit
1004 2859 1196 2942 necessario,
1222 2883 1294 2928 non
1320 2863 1417 2928 liceat
1496 2845 1497 2864 Χ

262 2971 300 3034 de
327 2969 444 3034 lacuna
471 2967 537 3032 ulls
565 2967 723 3052 cogitare,
753 2968 855 3032 sicubi
878 2967 926 3032 vel
955 2967 990 3031 in
1011 2967 1141 3052 reliquis
1165 2970 1301 3036 sedibus
1326 2974 1417 3038 hient

263 3083 294 3144 et
315 3079 471 3144 fatiscant
493 3079 526 3142 et
545 3077 729 3142 dilabantur
744 3077 907 3161 versiculi,
930 3081 967 3141 ut
982 3077 1101 3163 Amph.
1122 3079 1154 3144 3.
1172 3079 1251 3145 Aul.
1271 3083 1304 3147 7.
1324 3083 1417 3150 Cure.
1495 3121 1496 3185 l

264 3191 292 3252 1.
316 3191 346 3253 2.
370 3187 465 3272 Epid.
489 3189 520 3253 5.
543 3186 642 3252 Mero.
670 3189 699 3252 Ἰ.
723 3187 821 3252 Poen.
845 3188 881 3252 6:

402 3356 458 3412 pro
479 3337 578 3412 patria
599 3337 782 3412 Amphitruo
805 3338 877 3395 dum
899 3337 993 3396 cernit
1015 3357 1081 3398 cum
1103 3337 1265 3401 hostibus:

403 3441 434 3478 re
457 3423 538 3480 omni
560 3422 694 3498 inspecta
717 3423 929 3498 compresseris
951 3423 1099 3481 servolus:

403 3504 545 3564 Curculio
568 3507 676 3568 missus
699 3507 800 3564 Phaed
821 3507 880 3566 arni
905 3507 930 3564 it
953 3505 1083 3566 Cariam:

407 3591 442 3646 ut
463 3593 549 3664 petat
571 3595 738 3670 argentum.
763 3591 804 3650 ibi
827 3591 923 3650 eludit
945 3591 1050 3650 anulo:

407 3674 571 3749 inprudens
593 3677 709 3736 invenis
732 3695 919 3752 compressae
942 3696 974 3735 ac
998 3676 1117 3734 militis:

413 3759 530 3818 obduxe
553 3765 693 3820 scortum.
717 3765 782 3820 turn
805 3759 967 3820 Charinum
991 3781 1025 3819 ex
1048 3761 1138 3838 fuga:

409 3845 509 3904 lenoni
533 3846 679 3904 obtrudit.
702 3847 745 3904 ita
768 3865 835 3904 oum
858 3847 939 3904 furto
963 3846 1084 3923 alligat:

264 3993 314 4058 vel
343 3994 375 4057 in
398 3993 467 4077 ipae
490 3992 569 4077 pede
591 3994 687 4057 tertio
714 3992 764 4057 bis
788 3993 942 4077 exemplis
950 4043 959 4076 ‚
989 4014 1069 4077 quae
1097 3994 1211 4059 statim
1241 4019 1309 4081 quo
1332 4003 1430 4067 modo

266 4103 515 4187 redintegranda
537 4107 648 4186 putem
671 4103 836 4187 significo:
1492 4081 1493 4141 l

410 4273 440 4327 ct
462 4270 532 4328 inde
554 4271 677 4344 pridem
701 4265 786 4347 [esse]
812 4271 1000 4346 emigratum.
1023 4269 1205 4328 intervenit:

408 4353 433 4410 oi
458 4357 596 4428 surrepto
620 4349 763 4432 [illm-om]
788 4356 882 4412 irllero
907 4375 993 4414 mors»
1009 4354 1135 4431 optigit:
