2996 5148
479 365 697 426 vsamoovn
720 365 907 414 cerumar.
1201 353 1261 416 431

115 519 174 581 vir
197 539 299 582 unum
322 523 417 603 atque
439 519 576 612 alterpm
603 519 809 584 ratiocinatio
837 525 948 585 nostra
975 521 1131 604 reliquum
1154 519 1262 586 faciet.

112 630 224 703 Quam
248 629 384 693 exordiri
408 630 447 693 ab
469 637 666 710 experientis
687 631 890 694 substantivo
904 630 1059 714 volumus
1083 653 1146 716 qua
1161 631 1264 696 forma

111 737 245 802 adscita
280 739 403 804 duobus
432 737 552 826 Amph.
583 739 710 823 111,3,
738 741 776 804 10
806 737 891 828 [965]
925 745 958 804 et
985 741 1084 805 Mero.
1113 739 1154 824 V,
1178 743 1214 824 3,
1242 742 1264 805 4

112 845 207 934 [960]
230 849 376 914 versibus
406 850 608 915 concinnitas
635 871 840 915 numerorum
866 849 955 914 nullo
983 851 1032 916 vel
1059 853 1190 936 negotio
1212 850 1263 915 vel

109 958 256 1022 artificio
271 958 424 1040 redditur,
448 982 543 1043 quam
565 964 602 1024 ut
623 960 902 1045 redipiscerentur,
925 961 992 1025 illic
1014 975 1047 1028 αι
1068 961 1259 1045 particulam
1278 975 1306 1024 rx

108 1069 366 1152 praemiserunt,
382 1069 435 1133 hie
450 1083 483 1134 ot
497 1070 532 1134 in
547 1083 595 1136 ast
609 1071 745 1134 formam
761 1075 929 1136 mutarunt
944 1071 1082 1136 alienam
1097 1094 1116 1136 a
1131 1071 1261 1136 Plauto:

248 1209 350 1268 Hubui
372 1211 647 1288 expurigttionem:
670 1213 750 1270 faeta
773 1233 831 1287 pax
853 1217 908 1272 est.
951 1209 1133 1288 'Optumest

247 1290 300 1354 ‘At
321 1313 377 1372 ego
400 1297 660 1374 expurigationem
681 1296 816 1372 habeba,
839 1301 873 1357 ut
895 1319 932 1356 nu
954 1303 1134 1358 suscenseat.

104 1426 191 1490 Non
214 1425 323 1490 minus
346 1427 524 1491 evidentiae
546 1433 735 1508 expuriqare
761 1428 850 1492 verbi
878 1428 1023 1513 exempla
1051 1428 1112 1494 duo
1140 1429 1261 1494 habent

104 1557 199 1621 quae
228 1539 306 1600 sunt
333 1537 366 1599 in
394 1535 498 1601 Milite
528 1535 668 1622 glorioso
695 1561 724 1601 v.
746 1539 809 1601 497
833 1541 866 1602 et
886 1539 960 1603 517.
1005 1538 1049 1601 Et
1076 1541 1260 1623 posterioris

103 1646 249 1731 quidem
270 1645 405 1730 simplex
427 1647 598 1724 restitutio¹
612 1651 676 1712 est:

247 1787 296 1846 Me
319 1789 495 1866 expurigare
516 1789 589 1848 haee
611 1789 668 1847 tibi
690 1789 811 1849 videtur
833 1791 972 1866 aequius:

100 1921 165 1986 ubi
194 1925 273 1984 Med
291 1940 469 1999 expurqore
490 1918 636 1984 Bothius.
673 1919 711 1984 In
734 1920 839 2004 priore
862 1925 979 2004 autem,
1003 1921 1057 2005 qui
1079 1921 1132 1986 hic
1155 1923 1258 1986 estin

99 2031 223 2096 libris:
249 2031 328 2094 SCE.
353 2035 542 2110 Expurqarc
569 2037 635 2094 volo
657 2051 711 2094 me.
740 2037 820 2094 Pru.
848 2042 920 2095 letne
941 2043 969 2096 tc
995 2053 1149 2112 cxpnrqcs
1176 2040 1257 2110 milri,

99 2163 186 2207 cum
211 2141 329 2204 vitiosa
350 2142 532 2224 orytonesis
555 2139 651 2224 primi
675 2139 820 2204 vocabuli
843 2141 1063 2205 violentiorem
1085 2144 1259 2227 transposi-

99 2254 239 2316 tionem
279 2257 354 2316 Volo
382 2272 428 2314 me
458 2273 637 2332 expuryorc
666 2251 827 2334 requirere
859 2253 929 2316 visa
955 2254 1053 2334 esset,
1087 2275 1175 2317 nune
1203 2275 1259 2318 sua

97 2367 231 2448 sponte
255 2365 391 2445 apparet
412 2383 477 2426 non
499 2364 624 2425 mutato
646 2360 756 2425 ordine
779 2361 947 2425 verborum
960 2383 1074 2426 sanum
1089 2365 1123 2426 et
1137 2363 1259 2428 salvum

96 2472 237 2538 senarii
265 2471 460 2558 principium
486 2471 614 2556 prodire
642 2472 842 2551 Expuriqare
869 2475 935 2536 vulo
961 2495 1017 2536 mc.
1063 2472 1157 2538 Vnde
1186 2497 1258 2538 con-

96 2603 252 2668 sequens
275 2585 325 2646 est
345 2583 488 2665 profecto
510 2585 547 2645 ut
562 2581 702 2646 eiusdem
717 2581 858 2645 notionis
874 2582 985 2646 eadem
999 2584 1102 2647 forma
1119 2583 1258 2648 Sceledri

96 2693 219 2759 verbis
243 2692 440 2776 respondens
455 2691 733 2776 Periplecomeuus
749 2695 858 2756 utatur
873 2705 925 2756 tun
941 2705 970 2756 tc
983 2699 1174 2774 expuriffcs?
1195 2716 1257 2778 quo

96 2807 139 2869 fit
171 2807 213 2868 ut
243 2802 399 2866 redundet
425 2808 499 2866 milri
529 2824 717 2887 pronomen.
778 2804 885 2888 Atque
914 2801 947 2866 id
974 2803 1079 2886 ipsum
1107 2803 1257 2867 Plautina

95 2913 394 2998 exsequendorum
416 2935 639 2998 responsorum
662 2912 864 2978 concinnitas
889 2912 1025 2996 (quaudo
1046 2934 1112 2976 nou
1133 2912 1257 2977 dixerat

96 3023 284 3091 Sceledrus
307 3031 494 3104 expumyure
515 3045 561 3087 me
581 3029 639 3087 tibi
658 3025 739 3108 volo)
767 3023 814 3086 ita
837 3025 968 3108 respuit,
998 3026 1034 3086 ut
1062 3044 1127 3086 non
1155 3025 1257 3108 possit

93 3159 173 3202 non
190 3131 373 3196 insiticium
387 3133 497 3216 videri,
521 3133 639 3218 quippe
661 3137 730 3197 tum
753 3133 880 3197 demum
901 3131 1060 3196 adiectum
1082 3133 1255 3198 resarcien-

95 3249 226 3311 dorum
241 3242 392 3308 videlicet
413 3265 617 3308 numerorum
641 3265 763 3326 caussa,
789 3265 859 3307 cum
881 3244 946 3306 iam
968 3244 1180 3326 inrepsisseut
1202 3267 1253 3310 cs·

87 3375 252 3438 purpure
273 3355 305 3417 et
325 3375 478 3433 expuroes
498 3353 631 3418 formae.
678 3353 807 3418 Certum
830 3375 898 3418 esse
919 3357 1068 3438 putamus
1090 3355 1255 3440 scripsisse

94 3467 265 3532 Plautum

242 3579 314 3640 Soa.
342 3579 532 3658 Expurigare
553 3581 622 3640 vtlo
644 3601 701 3640 me.
745 3581 822 3640 Pau.
851 3585 907 3640 tun
928 3585 959 3640 te
981 3583 1161 3660 expuriges?

96 3689 268 3766 Quintum
291 3684 343 3750 his
364 3685 545 3770 exemplum
567 3685 691 3750 accedit
713 3707 730 3749 e
753 3685 959 3770 Captivorum
981 3709 1073 3752 versu
1088 3688 1253 3772 111‚4‚s8

98 3796 215 3886 [620]‚
248 3795 295 3860 sio
317 3795 438 3880 scripto
460 3796 495 3860 in
518 3795 635 3861 Vetere
658 3799 691 3860 et
714 3795 827 3860 ceteris
849 3795 1008 3882 plerisque
1030 3803 1093 3862 Sed
1112 3805 1169 3864 uoc
1185 3805 1252 3879 pri-

96 3929 184 3974 mum
214 3927 263 3970 me
285 3927 464 3986 expurqere
491 3912 548 3970 ribi
573 3913 657 3990 volo,
686 3929 733 3970 mc
761 3915 1082 3992 inconsonans,
1111 3909 1157 3972 sic
1180 3930 1252 3972 eou-

97 4021 247 4084 fidenter
269 4015 440 4081 scribendo
462 4017 582 4080 reiecta
604 4017 730 4081 novicia
750 4025 820 4082 mccl
840 4019 957 4084 forma:

144 4151 209 4212 Sed
234 4149 369 4226 primum
391 4150 447 4208 hoe
469 4169 516 4207 me
539 4150 716 4226 expurigare
738 4151 796 4209 tibi
819 4153 903 4224 volo,
927 4171 973 4210 me
995 4151 1142 4210 insanium
1157 4186 1208 4211 -.

97 4275 188 4364 [Huc
211 4293 305 4338 nunc
328 4270 509 4336 addendum
524 4280 734 4352 perpuriynrc
747 4257 878 4338 verbum
890 4273 1088 4337 Fleckeiseni
1105 4275 1251 4340 acumine

95 4387 333 4472 recuperatum
354 4380 471 4466 (Musei
488 4381 593 4446 [then.
622 4386 647 4446 t.
661 4383 739 4450 XIV
754 4407 786 4468 p.
800 4385 877 4471 633)
900 4383 1014 4448 Militis
1034 4384 1114 4470 glor.
1127 4409 1157 4451 v.
1173 4387 1249 4452 774:
