2996 5148
678 1203 747 1312 X.

380 1397 587 1519 Verlcqula
618 1403 797 1519 quaeum
829 1404 1056 1520 Ploulba.*)

213 1761 337 1835 ,voyre
359 1777 439 1840 quae
461 1761 569 1822 essent
591 1763 624 1822 et
645 1760 721 1843 quid
742 1768 869 1841 uocari,
897 1783 963 1826 non
985 1763 1109 1828 nescire
1131 1787 1164 1829 se
1187 1766 1279 1830 multi
1297 1779 1328 1829 ιιι

105 1870 261 1935 suomet
294 1867 438 1950 exemplo
469 1869 732 1953 comprobarunt:
769 1870 858 1934 nullo
884 1870 1062 1956 insigniore
1092 1895 1186 1958 quam
1210 1899 1283 1940 oum

103 1981 207 2046 scire
236 1999 289 2059 se,
313 1974 399 2040 unde
420 1977 574 2042 vocabula
596 1978 652 2043 illa
665 1979 752 2044 dicta
767 1983 885 2064 essent,
908 1981 1045 2065 professi
1068 1989 1153 2048 sunt.
1185 1984 1283 2050 Velut

102 2113 186 2156 non
220 2087 266 2152 G.
294 2087 321 2152 Ι.
346 2085 461 2151 Vossio
487 2089 617 2153 tontum
640 2087 856 2174 Etymologici
878 2112 910 2174 p.
934 2093 1007 2174 347,
1038 2095 1093 2156 sed
1116 2095 1212 2158 etiam
1234 2096 1283 2160 lo-

104 2200 232 2286 sepho
259 2197 427 2281 Scaligero
450 2199 592 2265 Coniect.
617 2198 651 2264 in
672 2199 853 2265 Varronem
874 2224 906 2285 p.
928 2203 988 2266 152
1011 2224 1058 2287 sq.
1083 2205 1144 2287 (ed.
1169 2204 1280 2292 Steph.

103 2337 141 2378 a.
166 2309 285 2390 1573)
309 2307 401 2371 divus
423 2307 639 2395 Hieronymus
663 2331 776 2374 comm.
801 2311 835 2375 in
858 2310 998 2395 Sophon.
1022 2311 1082 2396 III,
1109 2315 1147 2378 18
1170 2321 1282 2382 auctor

101 2423 183 2488 fuit
211 2423 256 2483 ut
281 2439 321 2481 ex
349 2418 500 2483 hebraica
522 2441 598 2484 voce
620 2437 675 2486 riri
698 2419 867 2486 ducerent:
905 2423 958 2486 ‘ut
985 2442 1079 2487 nosse
1107 2426 1281 2507 possimus’

101 2531 245 2616 (verba
270 2531 350 2592 sunt
371 2527 571 2614 Hieronymi)
600 2530 762 2615 ‘linguam
784 2530 969 2596 hebraicam
991 2533 1134 2598 omnium
1156 2535 1282 2621 lingua-

98 2665 192 2710 rum
224 2661 301 2705 esse
324 2640 520 2704 matricem'.
569 2639 778 2725 Castigatque
807 2639 951 2726 Scaliger
979 2645 1205 2726 grammaticos
1228 2649 1281 2730 qui

98 2751 311 2842 phrygium
335 2750 440 2833 potius
463 2771 531 2814 esse
553 2751 743 2815 vocabulum
765 2753 958 2834 putaverint.
1005 2751 1125 2818 Contra
1146 2776 1281 2840 graecae

97 2861 320 2951 speculator
336 2860 471 2945 originis
486 2860 695 2926 Doederlinus
711 2860 831 2945 Synon.
849 2860 896 2926 VI
910 2884 942 2946 p.
954 2863 1017 2928 293
1033 2864 1173 2928 eiusdem
1187 2865 1280 2929 nimi-

96 2999 192 3044 rum
224 2993 304 3038 cum
320 2973 464 3050 νωχελήε
479 2973 619 3053 νοχαλόε
633 2971 742 3054 stirpis
759 2993 827 3036 esse
843 2971 904 3036 sibi
926 2975 1100 3056 persuasit:
1122 2975 1186 3038 nisi
1202 2975 1280 3039 mul-

95 3097 188 3154 tum
218 3081 381 3162 fallimur,
405 3081 465 3145 sibi
487 3081 555 3146 soli.
593 3084 766 3160 Ἰνδογενὲ(
789 3087 976 3166 epoptanrm
997 3082 1164 3147 arbitrium
1179 3085 1279 3148 omui-

94 3205 224 3264 tuens
240 3192 454 3276 omniparens
469 3191 622 3276 numquid
637 3193 672 3256 in
687 3191 747 3256 hae
764 3213 877 3256 caussa
892 3192 1079 3276 decreverit,
1102 3193 1279 3278 incomper-

93 3317 187 3374 tum
219 3302 336 3369 nobis:
375 3303 414 3366 ad
435 3302 570 3366 latinam
591 3303 737 3388 linguam
757 3303 890 3367 rediisse
911 3301 1053 3366 Pettium
1076 3303 1183 3389 video,
1206 3326 1279 3371 raro

93 3413 294 3485 acuminis
310 3411 456 3496 exemplo
473 3435 571 3493 nuque
591 3414 857 3498 interpretantem
873 3415 1038 3498 tamquam
1053 3421 1231 3497 roc-usipus
1245 3417 1277 3484 b.

93 3555 132 3596 e.
153 3549 242 3594 non
259 3546 356 3588 usum
379 3527 513 3609 agentes
533 3525 564 3588 h.
582 3545 609 3587 e.
633 3523 660 3588 si
683 3524 782 3588 latine
803 3545 899 3608 quam
915 3524 1050 3589 barbare
1072 3525 1157 3610 loqui
1180 3529 1278 3592 malu-

91 3663 214 3720 mus,
239 3655 338 3700 usum
359 3655 427 3699 non
448 3633 603 3716 ferentes,
627 3633 857 3709 Quaestionum
879 3637 974 3718 etym.
996 3634 1029 3698 Il
1051 3659 1082 3720 p.
1098 3636 1171 3702 282.
1210 3637 1279 3713 Quo

89 3749 230 3816 multo
255 3743 451 3828 simplicius,
475 3765 541 3808 non
569 3745 688 3828 verius,
716 3743 792 3808 olim
814 3743 868 3807 alii
890 3744 925 3808 in
947 3765 984 3808 ne
1006 3749 1038 3809 et
1059 3767 1152 3826 apere
1173 3749 1277 3810 verbis

88 3857 356 3925 substiterant.
402 3853 485 3928 Quid
511 3854 634 3939 igitur?
669 3854 790 3920 fidesna
818 3854 910 3918 nobis
937 3853 1122 3939 habebitur,
1157 3856 1184 3919 si
1212 3879 1278 3920 non

89 3967 261 4036 aliunde
284 3965 350 4029 nisi
372 3985 390 4028 e
413 3985 534 4030 nauco
555 3969 700 4048 repetere
721 3986 841 4046 πνρας
862 3965 895 4029 h.
917 3986 945 4029 e.
967 3986 1114 4044 acopos
1136 3964 1278 4029 animum

112 4130 120 4136 ,
133 4123 333 4135 ,-.......--.--..

183 4207 218 4272 *)
256 4201 450 4273 [Prooemium
468 4201 568 4256 Indicis
598 4201 757 4256 scholarum
786 4202 966 4258 hibernarum
995 4199 1182 4254 Bonnensium
1213 4217 1275 4255 ann.

86 4293 355 4356 cmmcccnlv
377 4297 407 4348 et
424 4293 485 4348 LV:
515 4295 616 4349 iterum
638 4293 667 4348 in
689 4295 830 4364 publicum
854 4295 982 4349 emissum
999 4294 1028 4346 in
1051 4293 1275 4350 ‘Prooomiorum

83 4388 320 4452 Bonnensium
338 4386 463 4445 decadc’
487 4385 619 4454 (Berolini
637 4403 662 4443 a.
683 4385 911 4456 cloloccenxn
929 4405 956 4440 n.
974 4387 1017 4456 ll]
