2980 5148
276 399 340 462 254
618 411 839 461 ouosssurvu
863 409 1077 459 eusvmuvu.

359 565 400 628 47
417 585 503 644 pax:
532 564 712 629 Trinummi
735 563 793 647 IV,
817 566 856 648 2,
879 564 922 628 49
945 565 1037 650 (891)
1061 567 1156 639 Ovdsv'
1176 569 1278 644 dicos,
1299 565 1396 643 sivvid

275 679 457 740 crediderim
478 675 541 753 vivi,
566 680 655 756 ‘poc'
674 683 802 756 periisse
824 677 904 740 ilico.
932 673 1113 758 Singularis
1136 676 1243 756 estet,
1266 677 1396 758 quantum

276 785 376 866 video,
400 805 530 869 prorsus
553 784 698 849 solitaria
720 785 800 849 haec
822 785 911 849 notio
928 806 999 864 pcc
1020 783 1271 848 interiectionis:
1296 785 1329 847 ut
1346 805 1398 847 uon

276 893 457 959 mehercule
484 894 582 958 nimis
610 895 799 959 temerarius
829 894 992 978 videatur,
1021 893 1049 957 si
1078 893 1148 977 quis
1177 893 1216 957 de
1244 893 1399 957 inveterato
1470 899 1471 910 ¹

276 1004 392 1068 mendo
415 1002 594 1087 suspicetur
615 1005 783 1088 ipsumque
798 1003 949 1068 Plautum
970 1001 1120 1086 aliud·(e.
1139 989 1166 1067 c.
1184 1003 1255 1088 tax)
1278 1003 1400 1088 posuisse

278 1111 340 1178 sibi
368 1113 570 1198 persuadeat.
615 1113 700 1178 Nem
729 1116 835 1178 cetera
863 1113 1008 1198 exempla
1036 1113 1144 1177 omnia
1171 1117 1227 1176 sut
1254 1115 1402 1198 requirunt

278 1227 334 1288 aut
361 1225 529 1307 peliuntur
556 1245 626 1288 eam
655 1225 834 1307 notionem,
864 1245 945 1308 quae
978 1223 1151 1288 coniuncta
1174 1225 1223 1287 est
1245 1245 1316 1288 cum
1330 1230 1403 1303 pacis

280 1333 488 1418 cogitatione.
533 1331 585 1397 lta
606 1332 720 1398 Militis
735 1333 795 1416 Ill,
816 1336 843 1416 1,
860 1335 922 1399 213
946 1333 1037 1417 (808)
1055 1354 1135 1413 pax,
1161 1338 1214 1397 vbi
1233 1331 1314 1396 nihil
1333 1331 1405 1408 uliud

278 1442 341 1506 sibi
374 1441 443 1506 vult
471 1442 534 1507 uisi
563 1445 659 1507 ‘satis
688 1447 753 1508 est’
784 1442 834 1507 vel
867 1447 993 1509 παῦεαι.
1037 1442 1121 1506 Item
1150 1441 1255 1506 Stichi
1277 1441 1316 1525 V,
1338 1441 1403 1524 1,3
1471 1442 1472 1446 ’

280 1553 371 1638 (171)
398 1559 465 1618 Fac
493 1565 526 1618 tv
547 1555 603 1618 me
623 1560 720 1618 modo.
749 1557 805 1618 ST.
829 1566 862 1618 ot
884 1565 918 1618 tv
939 1556 995 1617 hdo
1016 1559 1115 1617 modo.
1140 1556 1199 1616 SA.
1223 1555 1329 1617 babai.
1355 1554 1403 1614 ST.

279 1675 371 1729 totve.
395 1667 454 1727 SA.
474 1666 589 1742 popae.
607 1667 663 1728 ST.
676 1684 755 1743 pax.
786 1662 855 1728 Nec
870 1663 967 1727 aliam
989 1661 1261 1747 significationem
1283 1681 1406 1747 agnosco

279 1773 315 1836 iu
336 1772 478 1837 Terentii
498 1772 844 1837 Hautoutimorumeno
859 1771 917 1856 IV,
934 1774 965 1856 3,
981 1771 1024 1836 39
1046 1772 1137 1858 (711)
1160 1773 1262 1838 'Vnus
1283 1785 1323 1838 est
1343 1773 1404 1846 dic‘s,

280 1889 351 1948 dvm
373 1896 533 1962 argentvm
555 1885 660 1963 ervbio.
683 1905 760 1964 pax,
785 1889 863 1948 nihil
883 1885 1032 1964 dmplivs:
1054 1882 1104 1946 vel
1119 1883 1240 1948 ibidem
1262 1882 1305 1966 Il,
1326 1881 1354 1964 3,
1374 1878 1408 1944 50

280 1993 372 2079 (290)
401 1995 537 2074 Capillus
559 2014 671 2073 passus
693 1997 817 2074 prolixe
843 2005 871 2057 et
897 1993 1014 2058 circvim
1040 2004 1134 2073 cvpvt
1156 1995 1300 2058 Reiectus
1325 1996 1407 2070 vecte·
1472 2006 1473 2042 t

278 2105 396 2182 ve'vter.
422 2109 478 2168 Oh.
510 2123 589 2184 poe.
619 2108 697 2184 Syre
717 2111 771 2184 mi,
799 2106 919 2168 obscero
941 2141 992 2166 -.
1030 2102 1165 2167 Prorsus
1192 2102 1350 2167 diversum
1369 2103 1409 2163 est
1472 2103 1473 2112 ’

277 2233 360 2291 prox
381 2211 531 2277 Pseuduli
554 2211 595 2296 V,
623 2215 655 2296 1,
679 2215 720 2278 33
743 2199 855 2299 (1219)
877 2212 997 2292 'Itoqve
1011 2193 1088 2278 'dvm
1110 2216 1218 2291 enitor,
1238 2235 1338 2294 prox,
1359 2217 1409 2276 ivm

277 2315 388 2402 poene‘'
397 2325 556 2402 inquinavi
571 2326 712 2403 odiliam,
738 2323 793 2388 ubi
814 2323 1008 2407 vulgabatur
1027 2343 1096 2403 pax
1114 2345 1152 2387 ex
1174 2322 1321 2388 editione
1337 2321 1410 2406 priu-

281 2433 351 2516 cipe
373 2437 588 2518 propagatum
615 2437 743 2518 praeter
771 2432 905 2498 codices.
951 2431 1094 2518 Longius
1122 2431 1220 2498 etiam
1248 2433 1347 2498 distat
1366 2443 1412 2496 tvv

281 2542 332 2607 vel
354 2543 430 2607 item
453 2564 512 2628 per
533 2543 691 2627 impressa
712 2543 857 2627 exempla
880 2546 1095 2628 propagatum
1117 2554 1232 2608 toxtvx
1248 2543 1363 2608 Persae
1376 2539 1410 2621 Η,
1473 2569 1474 2662 )

280 2655 311 2737 3,
338 2655 377 2717 12
401 2653 506 2738 (265),
530 2653 583 2718 ubi
608 2675 627 2717 e
649 2675 724 2717 vers
746 2665 860 2718 tvxtvx
881 2652 1040 2736 scripture
1068 2675 1167 2738 prope
1190 2654 1285 2720 obest
1307 2653 1414 2739 glosso-

282 2763 425 2849 graphus
448 2763 534 2827 infra
557 2766 577 2844 ξ
601 2763 651 2827 82.

364 2873 409 2937 In
431 2873 618 2937 Poenulo,
656 2873 698 2937 48
721 2881 947 2938 vicissatim:
967 2871 1066 2938 Poen.
1091 2874 1171 2958 prol.
1195 2874 1238 2939 46
1262 2880 1314 2940 Ad
1333 2875 1416 2951 drya-

279 2997 411 3050 mentvm
438 2984 518 3048 vinc
540 2984 703 3048 vicissatim
731 2990 796 3048 voto
824 2987 1013 3062 Rcvvivrvirc.
1058 2982 1155 3048 Redit
1183 2983 1298 3049 eadem
1320 2983 1416 3070 glossa

279 3094 366 3158 infra
394 3098 414 3175 ξ
437 3096 478 3158 96
501 3097 652 3177 excerpta
674 3115 691 3157 e
714 3092 816 3158 Stichi
837 3092 895 3176 IV,
924 3096 955 3176 l,
985 3094 1025 3159 27
1055 3094 1146 3180 (532)
1179 3097 1301 3160 No'smct
1321 3099 1417 3174 potius

280 3206 335 3269 mo's
361 3211 520 3270 vicissatim
548 3207 704 3270 dnercmvs
731 3207 948 3285 voluptdtibvs:
985 3204 1013 3268 si
1040 3205 1133 3268 modo
1160 3209 1248 3270 recte
1277 3223 1419 3270 numeros

280 3314 327 3376 ita
354 3314 479 3378 restitui
507 3316 541 3378 iu
570 3315 718 3380 editione.
769 3313 915 3378 Eandem
942 3315 1079 3378 formam
1105 3315 1321 3380 coniectando
1342 3317 1419 3378 intu-

280 3421 388 3486 lerunt
409 3423 443 3488 in
465 3424 554 3489 Trin.
575 3424 602 3508 Ι,
620 3426 650 3510 2,
679 3425 737 3490 136
759 3425 861 3511 (173),
885 3425 940 3488 ubi
961 3425 1138 3490 rectissime
1161 3446 1195 3489 se
1216 3425 1321 3490 habet
1342 3429 1420 3490 visis·

280 3537 345 3610 sim,
369 3555 432 3616 qus
453 3533 557 3598 forms
580 3556 652 3599 cum
673 3535 751 3600 alibi
772 3534 905 3600 Plautus
927 3538 997 3600 tum
1017 3535 1187 3607 Terentius
1211 3535 1274 3601 usi.

365 3643 409 3707 49
432 3647 638 3721 efflictim:
660 3645 759 3710 Poen.
783 3644 864 3730 prol.
888 3646 944 3710 96:
968 3645 1039 3710 vide
1061 3645 1102 3710 ad
1124 3648 1144 3728 ξ
1170 3647 1220 3709 11.

366 3752 409 3818 50
429 3761 612 3819 saeviter:
634 3755 678 3820 ib.
701 3754 728 3838 Ι,
751 3755 783 3838 2,
810 3755 870 3819 122
893 3755 1000 3841 (337);
1023 3755 1095 3820 vide
1117 3756 1158 3820 ed
1180 3757 1200 3836 ξ
1223 3756 1280 3821 46.

365 3861 411 3928 Iu
433 3862 656 3928 Vidularis.
700 3867 741 3930 51
765 3872 957 3930 donicum:
979 3865 1051 3930 vide
1073 3865 1114 3929 ad
1136 3869 1157 3946 ξ
1179 3865 1210 3928 4.

365 3974 408 4040 ln
433 3973 629 4040 Rudente.
673 3975 715 4040 52
737 3981 842 4039 icere:
870 3975 904 4039 in
928 3974 1076 4039 Rudente
1098 3979 1148 4039 ter
1170 3974 1264 4058 (ente
1288 3981 1423 4040 altrinse-

282 4077 334 4152 cus
356 4083 552 4172 proximum)
575 4089 691 4170 exstat,
715 4085 770 4150 sed
793 4087 979 4150 constanter
1000 4091 1068 4149 lieri
1088 4083 1263 4168 scriptum:
1287 4085 1316 4170 Ι,
1334 4086 1365 4170 2,
1386 4083 1424 4146 42

283 4201 315 4259 et
329 4197 370 4260 63
394 4197 472 4280 (130
487 4199 519 4260 et
537 4195 609 4281 151)
633 4201 722 4260 trodie
743 4197 799 4260 mit
820 4202 888 4260 ieri
908 4200 941 4260 et
962 4197 1102 4261 Iovcvdvt
1123 4201 1192 4260 iveri
1212 4195 1248 4260 in
1272 4197 1340 4262 fine
1362 4215 1425 4260 ver·

283 4327 384 4388 suum,
408 4304 465 4388 IV,
489 4307 520 4387 3,
544 4305 564 4368 3
588 4305 678 4390 (940)
701 4309 823 4370 turbido
846 4313 914 4370 beri
932 4309 1090 4387 tempestds
1107 4310 1187 4382 suit:
1210 4307 1277 4370 nisi
1300 4307 1422 4391 quidem

283 4413 412 4478 ibicum
426 4415 586 4479 codicibus
601 4415 746 4478 tutabere
758 4419 880 4480 turbida
891 4429 1049 4499 tempestas
1063 4418 1132 4479 lvc'ri
1141 4419 1214 4493 fvit.
1239 4415 1273 4480 N
1275 4441 1328 4480 am
1344 4415 1421 4504 quod
