2980 5148
284 337 347 402 262
621 347 843 398 onosssarvu
867 347 1079 394 rusvrrrrvu.

285 529 336 571 sus
369 527 430 570 uon
462 503 592 586 scripsit
613 501 697 570 Eun.
721 501 764 584 II,
799 502 830 584 3,
863 501 901 564 41
928 500 1032 584 (332),
1069 523 1198 580 prorsus
1224 510 1296 568 nitu
1314 504 1395 570 Haut.

286 615 344 699 IV,
376 615 408 698 5,
442 613 483 678 28
506 613 606 695 (776),
629 632 822 696 quamquam
852 613 986 694 utroque
1018 610 1089 676 looo
1117 632 1260 691 prorsum
1285 614 1398 678 formam

285 727 397 790 tuente
420 723 592 804 Bembin03
627 723 739 786 contra
772 720 908 784 eundem
930 722 1037 784 autem
1055 740 1199 800 prorsum
1221 745 1279 806 pro
1295 743 1401 804 prorsus

288 835 373 901 Eun.
392 833 433 916 V,
451 833 482 916 8,
497 833 656 919 52(1082)
668 838 774 896 melius
781 852 911 912 prorsus
925 851 1020 909 neque
1028 837 1193 910 prolixius.
1223 831 1291 899 Noc
1303 835 1402 898 maiore

288 947 356 1011 iure
388 944 529 1010 eiusdem
550 941 625 1006 libri
648 941 839 1006 auctoritate
860 939 1048 1025 posthabita
1065 961 1194 1020 proruo
1215 951 1340 1010 nescium
1358 967 1405 1029 pro

288 1061 418 1121 nescium
438 1074 580 1134 prorsum
603 1051 770 1116 substituit
790 1051 825 1116 in
848 1049 1049 1115 Phormionis
1072 1050 1113 1134 V,
1137 1052 1168 1134 8,
1191 1053 1233 1118 87
1258 1055 1339 1136 (980)
1357 1053 1408 1119 hoc

288 1187 382 1231 versu
409 1171 448 1229 Vr
469 1165 544 1242 quid
564 1183 655 1242 aqam
677 1183 744 1226 cum
767 1167 818 1224 illo
840 1163 972 1226 nesciam
990 1181 1167 1242 prorsumz:
1200 1166 1258 1244 c'qo
1277 1172 1344 1242 scio,
1364 1165 1409 1228 ubi

289 1277 324 1339 in
345 1273 429 1338 thesi
451 1273 591 1357 positum
608 1292 751 1352 prorsum
773 1270 881 1335 nescio
903 1270 979 1354 quid
1001 1271 1142 1355 scrupuli
1164 1272 1194 1337 ai
1209 1273 1319 1339 iniecit
1335 1296 1411 1358 praa

290 1383 529 1450 tertationem.
578 1381 746 1446 Praeterea
769 1383 875 1444 autem
898 1381 972 1445 adn.
997 1381 1038 1444 ad
1060 1381 1163 1447 Andr.
1186 1383 1214 1466 I,
1236 1384 1269 1468 5,
1285 1385 1324 1448 29
1338 1383 1412 1467 (264)

291 1498 325 1559 et
346 1493 484 1578 Adelph.
508 1491 566 1574 IV,
599 1491 630 1576 2,
662 1491 705 1558 36
727 1490 815 1573 (575)
838 1489 933 1554 huius
956 1492 1084 1575 generis
1106 1492 1248 1557 universi
1271 1496 1335 1558 tam
1354 1515 1414 1577 pro

292 1605 450 1668 miscuum
472 1625 565 1666 usum
587 1601 695 1666 animo
717 1601 915 1683 informavit,
939 1602 1031 1684 quasi
1052 1600 1135 1666 nihil
1157 1625 1309 1687 umquam
1322 1603 1415 1668 disari-
1479 1657 1480 1660 ,

291 1714 388 1778 minis
410 1711 461 1777 vel
483 1697 571 1776 ustus
593 1711 646 1776 vel
668 1710 864 1776 consuetudo
886 1710 1017 1795 linguae
1039 1712 1200 1776 statuerit.
1246 1713 1291 1778 Et
1311 1717 1415 1794 tamen,
1479 1701 1480 1708 ἵ

292 1823 346 1908 qui
378 1822 529 1902 similium
560 1821 703 1886 onmium
725 1819 964 1884 multitudinem
986 1820 1159 1906 diligenter
1179 1823 1417 1906 perlustraverit,

293 1931 441 1996 dubitare
474 1953 541 1995 non
571 1931 691 2015 poterit
723 1930 801 2014 quin
824 1929 987 2014 antiquior
1007 1930 1121 2016 lingua
1142 1953 1215 1996 cam
1236 1934 1418 1998 temrinatio

293 2064 380 2126 nem,
402 2063 483 2124 quac
506 2040 543 2104 fit
564 2041 599 2106 in
622 2061 681 2122 um,
705 2044 741 2104 ut
762 2039 935 2122 plurimum
949 2039 1142 2126 probaverit,
1167 2043 1208 2106 ad
1230 2065 1302 2108 eam
1317 2047 1419 2124 utitem,
1480 2110 1481 2167 ,

294 2173 375 2235 quac
387 2154 491 2234 estus,
516 2149 609 2214 citius
626 2149 661 2214 in
679 2149 761 2234 aliis,
784 2149 820 2214 in
836 2149 907 2214 aliis
922 2149 1040 2214 lentius
1051 2172 1222 2236 progressa
1234 2153 1289 2237 sit,
1312 2153 1345 2218 in
1365 2153 1420 2238 qui·
1480 2181 1481 2194 ÷

294 2261 428 2326 busdam
438 2260 589 2325 Plautina
603 2260 717 2324 saltem
729 2261 834 2323 aetate
853 2259 905 2322 vix
922 2281 1071 2343 umquam
1093 2262 1270 2327 transierit.
1304 2261 1382 2328 Num
1400 2262 1422 2325 si

295 2371 388 2436 modo
421 2371 560 2454 aliquam
589 2369 685 2434 fidem
717 2373 860 2433 veterum
881 2369 1037 2434 librorum
1058 2371 1212 2436 memoria
1235 2371 1347 2456 habet,
1368 2393 1422 2436 om·

296 2481 386 2546 nium
417 2481 555 2564 primum
581 2499 713 2560 prorsus
744 2482 776 2542 et
797 2485 945 2544 advorsus
954 2483 986 2562 ³⁸)
1019 2479 1193 2546 invaluisse
1215 2504 1277 2566 pro
1297 2501 1424 2564 prorum

297 2597 459 2656 advorsum
490 2589 683 2655 credendum
715 2591 778 2653 est:
804 2588 931 2653 diutius
965 2611 1014 2654 um
1046 2591 1232 2656 terminatio
1267 2591 1369 2658 haesit
1396 2591 1426 2654 iu

297 2721 434 2766 rursum:
466 2721 566 2785 prope
594 2703 745 2764 constans
773 2699 884 2762 cadem
905 2700 1027 2764 mansit
1047 2700 1081 2764 in
1104 2722 1223 2768 vorsum
1249 2705 1426 2786 (attavorum

297 2817 452 2888 aliorsum,
476 2817 709 2890 aliquovorsum,
733 2816 944 2888 altrovorsum,
961 2815 1205 2891 dextrovorsum,
1221 2823 1426 2887 retroversum,

298 2931 543 3001 utroqucvorsum
559 2941 631 2984 cum
652 2919 824 3001 finitimis),
847 2941 998 3000 quorsum,
1020 2926 1152 2998 horsum
1177 2928 1329 3001 islorsvmr,
1352 2928 1427 2986 deor·

297 3053 371 3109 sum,
403 3053 536 3096 seorsum
568 3051 699 3106 sorsum,
733 3050 862 3094 sursum.
913 3033 944 3092 A
972 3029 1120 3094 Bentleio
1149 3031 1282 3097 demum
1305 3030 1429 3114 Adelph.

298 3140 355 3223 IV,
380 3141 410 3222 2,
434 3140 476 3205 35
498 3139 585 3222 (574)
608 3139 770 3204 invectum
792 3160 895 3204 sursus
917 3141 1030 3203 merito
1052 3142 1174 3223 sprevit
1197 3141 1430 3220 llleclreisenua

300 3249 443 3314 Andriae
464 3250 491 3332 l,
513 3251 544 3332 5,
568 3249 610 3313 29
632 3249 732 3334 (264),
761 3270 823 3333 quo
845 3249 929 3314 idem
951 3249 1005 3313 ille
1027 3271 1153 3329 quorsus
1175 3250 1290 3316 intulit
1313 3255 1429 3337 practer

301 3358 415 3442 libros,
452 3359 567 3424 leniter
589 3359 864 3442 transponendum
887 3361 935 3423 cst
956 3360 1019 3424 nisi
1041 3358 1137 3424 fallor
1159 3365 1348 3428 Incertmast
1368 3365 1432 3442 quid

301 3488 424 3547 spuma
446 3471 556 3533 misero
577 3477 676 3547 timeo,
701 3472 847 3533 iuce'rtum
870 3490 1012 3548 quorsum
1034 3475 1091 3535 hoc
1113 3472 1307 3558 decidor.**)
1336 3472 1432 3536 Etiam

302 3577 405 3662 magis
427 3579 580 3644 miramur
602 3585 740 3644 deorsum
763 3599 867 3644 vorsus
888 3579 1014 3663 placere
1036 3577 1184 3645 Bentleio
1205 3583 1353 3665 potuisse
1369 3581 1434 3646 adu.

302 3687 342 3752 ud
364 3688 426 3754 Ad.
451 3687 507 3770 IV,
541 3691 572 3773 2,
596 3689 637 3755 36
660 3689 763 3771 (575)
800 3689 834 3752 in
857 3689 975 3754 talibus
998 3689 1084 3754 enim
1106 3696 1360 3774 exaequatamm
1381 3695 1433 3754 ter·

301 3798 512 3863 minationum
547 3799 796 3862 concinnitatem
829 3821 879 3863 res
906 3799 977 3883 ipsa
1004 3798 1146 3884 flagitat,
1184 3803 1222 3864 ut
1243 3805 1305 3865 aut
1326 3822 1435 3866 rursum

287 3929 440 3994 prorsum
469 3911 525 3972 aut
552 3930 657 3972 rursus
680 3931 810 3990 prorsus
837 3909 957 3973 dictum
983 3909 1026 3973 sit
1053 3909 1099 3973 eis
1121 3910 1278 3994 exemplis
1302 3933 1382 3996 quae
1402 3907 1435 3972 ad

368 4079 394 4146 *)
412 4077 562 4146 Vtriusque
580 4079 686 4132 formae
705 4077 790 4132 etiam
808 4077 836 4131 in
850 4077 963 4132 Catonis
981 4077 1147 4148 fragmentis
1160 4085 1239 4134 cens
1250 4097 1316 4135 essa
1328 4077 1437 4146 vestiga

302 4170 400 4225 relicta
416 4171 506 4226 video.

370 4263 411 4330 **)
440 4263 501 4317 Nisi
522 4263 658 4332 praestat,
686 4263 761 4329 quod
782 4264 918 4318 Antonius
943 4264 1064 4319 chttius
1086 4281 1163 4320 meus
1185 4267 1338 4337 proposuit
1358 4263 1438 4322 Musei

306 4353 390 4408 [then.
409 4357 429 4410 t.
449 4355 512 4410 XIV
528 4374 555 4425 p.
575 4362 634 4422 lm,
653 4361 829 4414 tricerrumst
854 4359 907 4416 hoc
925 4376 1061 4428 quorsum
1079 4360 1198 4418 condat.
