2996 5148
305 361 370 426 434
661 377 877 440 vuarnoovrs
901 379 1089 428 rnsvmns.

308 537 438 610 tortore
457 537 679 611 quur-ie-iture
704 533 828 618 fingere
855 555 950 618 quam
979 553 1130 619 umquam
1151 534 1227 598 ficta
1248 539 1317 598 sunt
1334 541 1418 599 cloud-

260 657 288 706 xl
310 647 434 706 ic-iture
456 647 658 708 dest-tn-iturc
685 650 921 709 rationu-ituri
946 651 1155 710 amu-ut-uare
1174 651 1369 710 sort-ttt-r'ture
1384 667 1419 708 cs·

187 739 192 747 ¹
309 759 442 816 ur-r'torc
460 756 692 830 [coercitum
718 760 968 833 iugem-troitum
994 761 1196 819 luc-eseiam
1215 763 1418 836 patr-future.

314 860 423 926 Vnum
445 862 576 947 regulae
597 864 802 948 repugnabat
828 864 924 928 nimie
951 855 1005 928 diu
1027 868 1239 950 propagatum
1261 866 1293 928 in
1312 865 1422 948 prologo

308 972 590 1037 Menaechmomm
624 979 794 1039 sicclt'sst'tat
826 974 876 1038 vel
911 974 990 1038 adeo
1022 981 1236 1041 sicettctssr‘tut:
1268 995 1421 1059 repugnare

308 1081 415 1166 desiit,
440 1105 478 1147 er
501 1105 563 1168 quo
585 1105 694 1148 verum
715 1091 862 1150 sicetissut
883 1084 1020 1148 formam
1040 1083 1142 1167 ipsius
1156 1084 1244 1149 Festi
1260 1085 1423 1150 auctoritate

306 1193 533 1259 revocavimus.
1015 1201 1022 1208 “

390 1303 481 1370 Haeo
502 1304 603 1388 igitur
625 1305 652 1368 si
674 1305 721 1368 ita
742 1307 828 1388 sunt,
853 1307 886 1368 et
901 1304 1068 1369 liberanda
1086 1325 1155 1369 esse
1170 1304 1275 1370 lexioa
1286 1311 1424 1386 portitore

305 1421 494 1494 obtergiture
508 1415 639 1479 vocibus
655 1418 800 1498 apparet,
824 1419 857 1478 et
871 1414 972 1478 multo
986 1415 1091 1500 magis
1112 1415 1288 1480 cavendum
1306 1438 1344 1480 no
1357 1434 1423 1478 noro

304 1531 486 1604 ctonqttarc
506 1525 628 1590 formae
651 1527 831 1589 commento
852 1524 1099 1610 interpolentur,
1123 1525 1207 1610 quod
1223 1524 1356 1590 Lucretii
1368 1545 1422 1588 ver·

305 1635 353 1699 sui
375 1633 416 1718 V,
440 1635 501 1699 947
525 1635 750 1700 Lachmannus
772 1633 932 1699 adhibuit:

388 1760 431 1819 Vt
451 1777 532 1818 nuno
552 1759 707 1818 montibus
729 1779 745 1817 e
767 1759 885 1836 magnis
908 1759 1049 1819 decursus
1071 1761 1161 1837 aquei

389 1843 549 1922 Olarigitat
570 1845 632 1902 late
653 1843 787 1903 sitientia
809 1845 906 1904 saecla
927 1844 1067 1903 ferarum.

304 1975 394 2051 Quod
415 1997 458 2039 ne
479 1994 537 2058 per
559 1995 592 2038 se
615 1973 757 2058 quidem,
787 1973 933 2038 etiamsi
956 1975 1167 2060 grammatica
1193 1975 1278 2040 ratio
1305 1997 1365 2039 non
1384 1971 1424 2036 ad·

304 2087 499 2166 versaretur,
528 2083 654 2168 placere
677 2086 799 2166 posset:
829 2087 896 2148 tam
918 2105 985 2148 non
1006 2085 1101 2149 modo
1121 2084 1204 2149 mira
1226 2086 1305 2149 iuris
1325 2083 1425 2168 publici

304 2196 345 2259 ad
368 2214 568 2260 commimem
589 2215 681 2258 usum
703 2193 874 2258 translatio
896 2197 997 2277 esset,
1023 2216 1131 2259 verum
1153 2195 1254 2260 etiam
1277 2219 1296 2259 a
1316 2193 1426 2280 propria

228 2357 235 2366 .
303 2307 336 2370 vi
359 2304 579 2390 elongationis
600 2325 691 2368 secus
713 2303 855 2368 detorta:
884 2308 921 2368 ut
941 2327 1005 2388 qua
1026 2326 1092 2370 non
1114 2326 1165 2370 res
1187 2305 1349 2390 quaelibet
1367 2325 1427 2388 quo

303 2415 383 2480 libet
403 2413 497 2479 modo
518 2416 706 2498 repetantur
727 2401 924 2498 simpliciter,
950 2414 1005 2478 sed
1025 2417 1139 2498 raptae
1160 2415 1212 2479 vel
1235 2437 1295 2500 per
1316 2415 1374 2480 rim
1390 2433 1429 2476 re
1484 2495 1485 2498 Ἴ

304 2529 413 2590 tentae
429 2527 524 2609 atque
539 2524 666 2589 debitae
681 2523 879 2588 sollemniter
900 2528 1121 2608 exposcuntur.
1152 2523 1260 2601 Quam
1274 2527 1308 2590 in
1323 2527 1428 2608 partem
1484 2512 1485 2549 l

305 2658 377 2700 cum
400 2635 465 2718 alii,
489 2637 526 2698 ut
547 2633 675 2700 Servius
696 2632 903 2700 inAeneidos
927 2633 984 2717 IX,
1006 2634 1059 2700 53.
1086 2633 1126 2718 X,
1153 2635 1203 2718 14,
1228 2640 1300 2700 turn
1321 2637 1430 2719 praeter

305 2749 427 2824 eeteros
448 2743 644 2828 planissimis
665 2744 772 2808 verbis
793 2742 916 2808 Plinius
944 2744 1175 2829 interpretatus
1197 2747 1249 2809 ost
1270 2745 1346 2809 Nat
1367 2743 1427 2806 hist.
1483 2824 1484 2843 Χ

304 2855 398 2920 XXII
421 2859 441 2936 ξ
463 2856 499 2919 5:
528 2861 689 2938 elegatis,
713 2875 780 2920 cum
803 2861 958 2920 redhostis
979 2861 1224 2934 uadentemque
1245 2863 1428 2928 mitterentur,

304 2973 338 3030 ut
358 2979 401 3030 est
422 2985 472 3029 res
493 2976 604 3044 ruptas
624 2971 709 3029 clare
730 2971 898 3045 repetitum.
943 2963 1022 3028 Eius
1043 2963 1144 3049 igitur
1165 2965 1311 3030 notionis
1332 2962 1429 3029 severi·

304 3079 355 3140 tas
378 3079 411 3139 et
433 3095 532 3159 prope
560 3073 695 3138 dixerim
724 3075 876 3138 atrocitas
905 3073 960 3158 qui
987 3073 1099 3138 cadere
1127 3095 1221 3157 posse
1249 3075 1286 3140 in
1308 3071 1432 3140 fluminis

305 3185 424 3250 solacia
447 3184 592 3249 credetur
615 3183 793 3248 sitientium
815 3205 931 3270 greges
952 3184 1094 3248 ferarum
1114 3185 1307 3268 repetentis,
1329 3181 1432 3248 blando

305 3317 459 3379 aquarum
486 3294 699 3358 invitamento
729 3293 770 3358 ad
797 3315 831 3358 se
858 3293 1098 3380 revocantis?*)
1141 3292 1212 3358 Nec
1235 3315 1304 3360 non
1330 3293 1433 3356 nimius
1481 3359 1482 3370 p

304 3405 389 3468 idem
422 3403 649 3468 Lachmannus
681 3404 744 3468 fuit
770 3403 806 3468 in
833 3403 1042 3488 Forbigerum
1074 3402 1276 3488 invehendo,
1312 3402 1389 3488 quod
1412 3401 1434 3464 is
1481 3375 1482 3429 l

307 3515 409 3578 otaru’
431 3522 505 3580 citat
526 3517 640 3597 poetae
654 3513 800 3580 tribuens
815 3513 987 3598 dupliciter
1000 3516 1181 3598 peccasset:
1204 3515 1326 3600 quippe
1340 3513 1433 3576 decur-

306 3645 375 3688 sum
405 3644 505 3708 aquae
532 3645 592 3688 nec
619 3631 717 3689 citare
741 3624 827 3688 feras
855 3623 888 3687 h.
912 3645 939 3688 e.
969 3623 1105 3688 ‘autad
1133 3623 1434 3707 cursum.iusligare
1480 3672 1481 3722 p

306 3738 362 3800 aut
384 3733 514 3798 nornine
543 3733 733 3818 appellare,
768 3755 827 3800 neo
855 3735 941 3799 reete
969 3741 1087 3800 clamen
1114 3733 1178 3798 dici
1199 3737 1367 3820 tamquam
1390 3729 1434 3816 qui

306 3845 391 3910 clare
418 3844 591 3909 audiretur.
647 3843 692 3910 Et
712 3844 783 3908 ‘hoc
815 3842 943 3928 quidem
973 3843 1029 3908 ille
1059 3842 1245 3908 verissime:
1283 3867 1350 3910 non
1378 3847 1434 3906 taut

371 4047 396 4118 *)
427 4047 523 4118 [Recte
546 4044 633 4115 igitur
656 4047 727 4102 anis
748 4044 843 4101 iudicii
869 4045 911 4101 vir
936 4045 1018 4117 Hugo
1043 4046 1143 4102 Munro
1169 4045 1357 4116 praefationis
1381 4059 1435 4098 suae
1478 4109 1479 4114 ἵ

305 4139 359 4206 (ed.
379 4139 510 4195 Cantabr.
530 4157 555 4194 a.
577 4141 653 4209 1860)
670 4159 697 4210 p.
715 4139 793 4194 XXX
810 4139 1034 4196 ‘Lachmfflnus’
1052 4139 1093 4193 ait
1111 4141 1289 4209 ‘claricitat
1307 4137 1380 4208 quod
1395 4154 1433 4190 nrt

305 4233 405 4287 dicitur
421 4232 519 4288 Latine
537 4249 589 4287 neo
606 4231 660 4286 dici
677 4233 772 4304 potest
788 4247 852 4300 neo,
869 4232 893 4286 si
910 4231 1060 4298 diceretur,
1078 4231 1154 4302 quod
1170 4231 1218 4286 ille
1236 4233 1330 4288 voluit
1346 4229 1435 4300 signifi·

305 4343 368 4380 care
385 4327 498 4396 posset?
523 4323 699 4393 Quamquam
710 4326 745 4382 de
757 4323 904 4393 Forbigen'
922 4324 1080 4380 coniectura
1095 4323 1180 4392 longe
1197 4323 1278 4379 idem
1297 4341 1379 4394 quam
1394 4337 1436 4392 por

305 4419 367 4472 erut
384 4417 564 4487 clementius]
