2996 5148
468 375 514 420 nn
537 377 708 425 alannum
732 375 814 423 noar
836 375 983 424 aonam.
1229 357 1292 448 385

625 567 747 662 Caput
771 566 818 640 Π.

419 725 476 794 De
503 723 680 796 tabernis
707 723 783 796 fori
808 717 1014 818 Romani*)

222 910 411 975 Identidem
438 913 617 996 quaesitrmr
646 917 695 976 est
723 913 765 976 ab
787 912 990 996 antiquitatis
1013 911 1183 974 Plautinae
1205 932 1290 974 seru·
1310 925 1341 974 {11

123 1022 317 1102 tatoribua
342 1025 458 1105 utrum,
483 1045 564 1108 quae
587 1027 660 1107 post
682 1023 942 1086 Curculionis
970 1026 1077 1085 actum
1100 1023 1229 1085 tertium
1253 1021 1292 1084 ad

122 1132 315 1218 parabasis
331 1131 472 1196 Graecae
488 1133 629 1216 aliquam
651 1132 893 1196 similitudinem
916 1132 1086 1212 interiecta
1109 1135 1157 1197 eat
1175 1153 1293 1195 scaena

121 1244 290 1307 locorum
313 1243 612 1306 commemoratione
640 1242 807 1325 notabilia,
838 1244 899 1326 ipsi
922 1242 1021 1305 tribui
1043 1245 1166 1326 poetae,
1191 1240 1293 1325 qualis

120 1355 273 1440 quidem
298 1374 384 1416 nunc
405 1351 558 1436 habetur,
588 1375 690 1416 necne
712 1355 818 1438 queat.
864 1353 971 1436 Atque
993 1353 1149 1436 quaedam
1172 1373 1291 1434 eorum,

120 1487 220 1550 quae
240 1485 327 1525 num
346 1461 449 1526 Plauti
474 1465 578 1526 aetate
601 1463 731 1526 omnino
748 1447 912 1546 potuerint
934 1485 953 1524 a
976 1484 1135 1546 quoquam
1159 1483 1293 1526 comme-

119 1573 260 1640 morari
286 1572 354 1635 iure
373 1572 499 1636 videtur
513 1572 694 1636 dubitatum
710 1595 789 1655 esse,
813 1572 891 1635 alibi
908 1574 970 1635 iam
987 1572 1153 1654 tetigimus
1170 1571 1293 1660 [Parer-

118 1708 199 1770 μου
221 1687 248 1746 t.
268 1682 286 1745 I
309 1705 341 1766 p.
358 1683 418 1746 207
435 1685 515 1766 sq.]:
539 1683 719 1767 velutquod
734 1689 879 1746 basilicae
893 1683 1014 1745 mentio
1028 1683 1066 1746 fit
1087 1705 1117 1746 v.
1138 1683 1170 1745 ll
1193 1679 1291 1768 [ml.
1385 1761 1388 1770 1

119 1795 214 1859 Alia
246 1791 389 1876 amplius
416 1792 476 1856 sibi
505 1795 642 1875 poscunt
669 1793 870 1876 disceptandi
905 1793 1060 1876 spatium:
1096 1815 1195 1856 unum
1224 1812 1293 1854 esse

117 1906 202 1970 eins
225 1902 319 1965 modi
341 1905 503 1985 potamau,
527 1907 564 1965 ut
586 1925 623 1966 ea
640 1903 807 1985 brevitate,
831 1925 912 1986 quae
935 1903 1026 1966 decet
1048 1902 1161 1966 horum
1185 1922 1294 1986 prooe-

116 2017 283 2079 miorum
311 2011 515 2082 modestiam,
546 2013 688 2095 expediri
715 2013 827 2096 posent.
878 2012 1024 2096 Namque
1059 2012 1142 2098 quod
1175 2011 1294 2096 legitur

118 2151 152 2188 v.
191 2127 238 2187 19
265 2120 375 2209 [48l)]:

169 2281 260 2340 sab
288 2281 496 2352 veteribuS,
531 2281 572 2340 ibi
595 2285 666 2340 sunt
689 2282 741 2358 qui
764 2281 838 2340 dant
861 2283 973 2358 quique
1002 2282 1154 2358 accipiunt
1176 2281 1291 2340 fenore:

117 2432 155 2494 id
198 2431 318 2512 ipsum
350 2427 413 2491 fuit
445 2429 499 2512 qui
528 2449 656 2512 prorsus
692 2429 863 2493 abhorrere
886 2453 905 2492 a
927 2429 1080 2494 Plautina
1103 2433 1209 2494 aetate
1232 2429 1293 2492 sibi

119 2538 365 2624 persuaderet,
384 2537 532 2602 Osannus
545 2539 727 2603 Analecton
746 2539 816 2603 crit.
831 2563 863 2623 p.
883 2541 942 2604 188
958 2563 1005 2624 sq.
1037 2539 1186 2604 Nondum
1208 2540 1294 2603 enim

118 2651 198 2714 illm
218 2648 437 2731 temporibuS,
461 2649 590 2732 quaein
606 2653 741 2732 utraque
756 2659 848 2733 parte
863 2651 924 2714 fori
940 2649 1078 2714 Romani
1100 2651 1295 2713 tabernae

116 2761 288 2840 fuerunt,
312 2768 447 2822 veterum
470 2768 501 2821 et
523 2781 668 2824 nouarum
692 2759 908 2843 appellatione
931 2761 1099 2824 distinctas
1133 2781 1201 2824 csse
1224 2781 1294 2822 eum

119 2895 140 2934 e
159 2869 259 2933 Livii
284 2867 394 2930 verbis
417 2890 570 2951 apparere
593 2869 666 2932 libri
682 2868 802 2952 XXVI,
826 2870 882 2933 27:
905 2875 1007 2934 eodem
1030 2883 1163 2950 tempore
1183 2879 1294 2947 sepiem

118 2986 303 3056 tabernae,
329 2999 411 3056 quac
428 2989 533 3057 postea
555 2987 695 3061 quiaque,
718 2992 747 3043 et
768 2987 973 3060 armentariae,
996 3001 1076 3059 quae
1097 2999 1177 3042 nuuc
1199 2997 1294 3041 novae

118 3096 358 3171 appellantur,
395 3109 511 3152 arsere:
545 3092 614 3152 tum
648 3109 686 3151 ex
718 3110 769 3171 eo,
804 3091 888 3173 quod
911 3089 994 3172 apurl
1017 3090 1121 3171 ipsum
1144 3087 1292 3151 Plautum

121 3199 273 3286 Epidici
309 3197 355 3280 Il,
379 3197 411 3279 2,
438 3199 476 3262 15
507 3219 573 3262 non
596 3201 739 3262 veterum
773 3203 805 3263 et
827 3220 992 3282 novarum,
1017 3198 1071 3262 secl
1093 3198 1294 3262 lanienamm

119 3323 158 3376 et
185 3307 463 3395 argentariarum
486 3309 643 3392 oppositio
665 3309 737 3372 fiat:

243 3465 252 3478 ·
283 3451 345 3509 Por
367 3449 536 3522 myropolia
558 3452 588 3506 et
610 3450 743 3508 lanienas
769 3451 939 3526 circumque
962 3451 1156 3527 argentariae,

112 3577 319 3657 eodemque
344 3579 594 3648 carpentariorum
628 3571 757 3635 nomine
779 3593 880 3634 novae
903 3569 977 3634 illae
1000 3574 1097 3636 etiam
1119 3573 1152 3636 in
1176 3572 1295 3636 Trucu-

111 3689 221 3753 lento
247 3683 549 3748 commemorentur
570 3681 597 3764 I,
624 3682 651 3764 1,
675 3681 717 3746 45
732 3703 799 3765 eqq.
845 3680 930 3756 Quos
954 3703 1062 3746 versus
1085 3682 1193 3746 multis
1216 3682 1294 3746 mul-

110 3855 356 3874 —....------

194 3931 223 3998 *)
268 3919 467 3994 [Prooemium
496 3916 597 3973 Indicia
628 3916 785 3974 scholarum
816 3918 983 3976 aestivarum
1013 3920 1198 3976 Hennensium
1228 3917 1293 3972 anni

93 4009 393 4084 CIDIOCCCXLV.
418 4043 451 4050 —
474 4011 587 4066 Partem
611 4028 719 4080 eorum,
743 4031 814 4081 quae
837 4015 890 4068 hac
912 4015 1145 4068 commentatione
1163 4009 1291 4066 tractavi-

88 4139 191 4185 mus‚
214 4105 404 4171 retractavit
421 4123 510 4174 nuper
528 4105 562 4162 H.
581 4105 747 4160 Iordanue
770 4106 889 4161 Hermae
908 4109 960 4161 vol.
981 4109 1005 4161 Il
1024 4125 1050 4175 p.
1070 4112 1103 4160 89
1122 4121 1196 4172 sqq:
1231 4120 1292 4157 con·

82 4223 152 4272 tra
192 4223 294 4281 quem
327 4200 395 4256 vide
419 4199 449 4252 L.
475 4197 680 4252 Vrlicheium
707 4197 910 4268 disputantem,
940 4199 974 4252 da
1002 4197 1172 4252 (intentionis
1199 4198 1293 4250 autem

77 4323 226 4366 fimena
262 4298 408 4354 universa
431 4292 491 4345 tam
520 4291 613 4344 subtili
637 4307 720 4358 qnam
744 4295 820 4346 recto
848 4291 948 4346 iudicio
972 4290 1177 4344 existimantem
1204 4289 1293 4343 Musei

78 4406 206 4460 ichen.
232 4399 259 4450 t.
283 4387 386 4446 XXIII
405 4383 540 4439 fasciculo
558 4382 667 4452 primo]

158 4525 213 4559 ινιτ.
240 4507 428 4552 nrrsonnnn
451 4503 595 4539 orreum
615 4505 646 4539 11.
1046 4469 1087 4534 25
