3284 5152
371 365 430 427 106
632 365 723 424 daun
755 376 816 422 urs
838 375 963 422 inermi<
985 374 1051 421 nus
1074 375 1240 424 rasurus.

367 537 418 596 tra
440 531 609 616 diligentia
638 532 671 593 et
696 529 854 593 industria
876 528 974 592 etiam
994 529 1132 612 quadam
1153 529 1314 612 permulta
1334 531 1375 594 de
1396 535 1511 596 nostro

367 643 422 706 illo
444 642 544 706 veteri
566 641 648 705 libro
670 641 706 704 in
727 639 886 703 Plautinis
918 639 1087 703 comoediis
1109 639 1259 704 restituta
1281 641 1342 705 sibi
1363 643 1509 727 fuerunt,

367 757 435 843 tam
456 752 492 816 in
513 751 618 815 verbis
640 772 736 834 quam
757 750 899 814 numeris
917 772 1077 832 versuum,
1101 751 1139 814 de
1162 773 1294 835 quorum
1317 752 1511 837 integritate

368 863 450 928 nihil
472 863 570 926 etiam
598 861 685 926 dubii
712 862 778 924 iam
806 860 900 925 nobis
927 859 1128 944 relinquitur.
1174 863 1223 926 Ao
1250 881 1377 946 possem
1404 885 1512 928 annu-

367 995 491 1038 merare
518 995 584 1037 non
612 974 746 1038 δεκάδα(
774 993 877 1056 neque
899 972 1129 1057 ἑκατοντάδας,
1157 972 1213 1036 sed
1233 973 1330 1057 plane
1353 976 1512 1059 χιλιάδας,

367 1085 395 1148 si
409 1087 574 1148 ostentare
590 1104 720 1168 operam
741 1085 885 1146 nostram
900 1082 1069 1146 vellemus:
1092 1083 1146 1146 sed
1161 1084 1312 1167 pauperis
1327 1087 1376 1148 est
1397 1107 1513 1150 nume-

367 1217 438 1259 rare
460 1216 566 1278 pecus.
598 1193 673 1259 Non
695 1206 798 1278 pauca
814 1196 921 1257 autem
937 1192 1061 1256 confido
1078 1214 1147 1275 nos,
1172 1193 1199 1257 si
1221 1215 1287 1257 non
1309 1195 1513 1279 emendasse,

368 1308 402 1370 at
423 1326 490 1370 non
512 1305 647 1369 edidisse
669 1304 809 1368 deterius
825 1326 928 1388 neque
949 1305 1129 1388 perversius
1144 1327 1240 1388 quam
1255 1305 1387 1388 priores.
1419 1305 1515 1382 Quae

368 1438 442 1480 vero
465 1420 613 1499 corrupta
636 1419 668 1479 et
688 1415 772 1479 falsa
798 1437 866 1479 esse
888 1415 985 1498 plane
1009 1436 1186 1498 cernerem,
1217 1436 1255 1478 ea
1276 1416 1420 1499 indicare
1443 1421 1518 1481 stu·

367 1527 438 1590 dui:
466 1526 636 1611 indignum
658 1529 763 1607 ratus,
792 1526 944 1590 lectorem
966 1547 1077 1589 securo
1099 1526 1207 1590 animo
1229 1548 1335 1590 errare
1357 1528 1517 1612 perpeti.’

368 1635 582 1722 Desgleichen
601 1637 646 1700 im
660 1636 862 1700 Prooemium
883 1659 915 1719 p.
932 1638 966 1701 9:
990 1637 1060 1700 ‘Ad
1083 1639 1227 1700 nostram
1248 1641 1356 1702 autem
1377 1661 1519 1722 operam

368 1748 555 1833 diligentiae
578 1748 705 1831 quidem
726 1747 812 1810 illius
835 1769 976 1811 summae
998 1746 1090 1811 valde
1113 1748 1315 1831 laboriosam,
1339 1748 1394 1813 sed
1410 1752 1443 1812 et
1456 1749 1521 1814 in-

367 1857 508 1922 dustriae
530 1880 597 1922 non
620 1858 889 1941 contemnendae,
914 1860 950 1921 ut
972 1879 1148 1941 speramus,
1172 1880 1268 1942 quam
1290 1859 1326 1922 in
1347 1858 1522 1925 Plautinis

366 1968 484 2032 fabulis
507 1968 713 2033 emendandis
735 1969 914 2051 posuimus,
938 1968 1021 2052 quod
1044 1969 1176 2051 attinet,
1201 1969 1239 2033 de
1262 1991 1299 2033 eo
1321 1991 1424 2053 neque
1446 1970 1524 2037 hoc

299 2089 350 2139 517
368 2079 439 2143 loco
467 2078 605 2143 multum
626 2080 796 2143 verborum
823 2079 1007 2143 faciendum
1029 2080 1093 2143 est:
1130 2082 1162 2142 et
1190 2079 1293 2143 editae
1322 2080 1525 2165 relataeque

368 2193 443 2253 sunt
464 2190 605 2254 rationes
628 2193 766 2272 nostrae,
791 2190 904 2274 quibus
920 2211 1001 2274 quae
1023 2211 1088 2253 non
1111 2190 1327 2273 continentur,
1352 2213 1389 2254 ea
1411 2199 1528 2258 erunt

368 2300 531 2383 eiusmodi,
555 2303 592 2364 ut
613 2301 800 2384 plerumque
815 2301 851 2364 in
868 2302 955 2365 certa
976 2301 1182 2383 persuasione
1205 2301 1410 2365 correctionis
1433 2302 1527 2369 sim-

366 2411 493 2495 pliciter
515 2413 655 2475 veterem
677 2412 871 2494 scripturam
892 2410 1027 2494 exprimi
1043 2411 1268 2475 curaverimus.
1300 2410 1376 2475 Non
1396 2414 1527 2481 tamen

366 2544 530 2605 nunquam
545 2521 581 2585 in
596 2521 733 2605 quadam
749 2522 960 2606 ambiguitate
975 2543 1012 2585 ea
1027 2521 1226 2604 retinuimus,
1250 2544 1331 2605 quae
1352 2523 1388 2586 in
1402 2544 1531 2592 exem-

367 2630 429 2714 plis
444 2631 584 2716 vulgatis
599 2633 840 2715 reperissemus;
856 2632 911 2696 sed
926 2631 1006 2695 haec
1020 2632 1121 2695 multa
1136 2653 1202 2695 non
1218 2637 1322 2696 erunt.
1354 2633 1416 2697 Illa
1431 2645 1534 2705 sunt

367 2763 469 2824 paene
490 2741 753 2826 innumerabilia,
783 2746 820 2806 ut
848 2765 921 2806 vere
948 2743 1067 2826 possim
1094 2742 1226 2827 gloriari
1254 2743 1293 2807 de
1320 2743 1380 2807 hac
1409 2747 1533 2815 ctiam

367 2851 516 2935 editione,
540 2851 625 2916 idem
647 2853 730 2937 quod
753 2857 829 2917 ante
852 2874 953 2917 anuos
976 2852 1070 2916 XVII
1091 2853 1242 2935 fecimus,
1278 2875 1350 2917 cum
1373 2877 1391 2917 a
1415 2859 1534 2927 nobis

366 2965 568 3048 recognitum
589 2965 787 3028 mitteremus
816 2963 980 3049 Hervagio
1008 2967 1118 3027 nostro
1145 2963 1434 3052 Macrobium502),
1485 2972 1534 3038 de

367 3073 454 3139 cuius
469 3073 600 3138 officina
615 3074 669 3138 ille
685 3075 786 3137 exiret
800 3074 835 3137 in
856 3074 1029 3157 publicum,
1054 3077 1202 3138 nontam
1219 3074 1396 3158 castigatus
1413 3099 1537 3163 quam

366 3205 482 3266 nosue,
510 3184 539 3248 si
570 3206 641 3248 cum
664 3185 734 3248 aliis
757 3185 950 3248 editionibus
974 3185 1173 3249 conferretur
1189 3234 1301 3248 .....
1346 3184 1444 3251 Idem
1473 3193 1538 3259 in.

366 3315 461 3376 quarn
484 3297 516 3358 et
538 3295 576 3357 de
597 3298 707 3359 nostro
730 3316 824 3378 opere
847 3294 997 3358 Plautino
1024 3317 1089 3358 non
1117 3294 1310 3375 laudatorie,
1349 3296 1409 3360 sed
1442 3323 1540 3370 vere

366 3426 404 3466 ac
425 3403 614 3487 simpliciter
637 3406 797 3468 affirmare
820 3427 963 3488 possum,
992 3405 1044 3468 vix
1073 3405 1174 3468 ullum
1196 3426 1337 3488 versum,
1377 3407 1421 3471 de
1454 3436 1542 3499 quo

365 3533 432 3577 non
454 3513 589 3596 aliquid,
619 3518 703 3578 certe
731 3516 885 3599 paginam
907 3515 1028 3579 nullam
1051 3536 1134 3597 esse,
1164 3515 1202 3578 de
1230 3537 1292 3599 qua
1320 3538 1388 3580 non
1414 3521 1544 3602 pluri.

365 3645 454 3687 mum
480 3622 668 3688 mendorum
695 3624 856 3691 sublatum
884 3626 950 3690 sit.’
995 3624 1093 3689 Dann
1121 3625 1242 3688 erklart
1270 3647 1304 3688 er
1332 3626 1405 3691 sich
1445 3640 1544 3703 aufs

366 3732 624 3798 entsehiedenste
656 3757 763 3820 gegen
795 3736 852 3799 das
885 3735 1133 3820 selbstsr'iohtige
1166 3734 1342 3799 Losziehen
1372 3741 1439 3804 auf
1475 3747 1546 3814 die

366 3843 565 3910 Schwiichen
587 3844 642 3908 der
664 3845 872 3931 Vorgiinger,
908 3847 958 3910 die
981 3868 1030 3928 er,
1055 3845 1136 3909 auch
1160 3845 1208 3910 bei
1233 3846 1428 3915 offenbaren
1457 3854 1546 3923 Irr-

363 3955 546 4039 thr'imern,
566 3956 601 4019 in
633 3956 689 4019 der
716 3955 820 4041 Regel
851 3956 944 4043 nicht
976 3957 1093 4021 eiumal
1126 3954 1325 4020 namentlich
1358 3966 1551 4038 erw'a'shnt

432 4222 490 4288 ὅθ’)
508 4219 606 4274 Dieser
623 4221 750 4275 erachien
770 4225 843 4284 1535,
861 4219 918 4273 und
935 4219 1083 4289 deswegen
1100 4219 1137 4273 ist
1155 4219 1203 4272 der
1215 4218 1330 4272 Plautus
1347 4220 1461 4280 sicher
1488 4251 1556 4294 aug

366 4320 430 4366 1552
457 4313 525 4366 oder
555 4312 696 4368 vielleioht
723 4319 801 4380 1551,
831 4313 881 4368 auf
904 4312 1005 4369 keinen
1030 4313 1092 4369 rau
1120 4329 1170 4367 aus
1199 4317 1271 4366 1538.
1317 4311 1399 4384 (Vgl.
1430 4320 1557 4386 Ebffi

363 4404 411 4458 Nr.
433 4407 535 4472 17180.)
