2996 5148
287 363 349 427 4523
595 375 642 422 oe
665 373 880 423 aaovuuuro
905 372 1125 423 aouosrrcno

287 534 336 596 Ac
370 533 408 596 de
440 539 554 612 efferat
586 551 663 610 voce
691 550 731 592 ne
760 528 891 592 verbum
919 527 1047 612 quidem
1074 527 1145 592 illc:
1178 550 1272 612 quam
1299 551 1365 594 sane
1383 535 1408 593 ct

286 663 398 728 margo
431 639 560 705 Etrusci
591 639 693 704 nostri
727 641 817 703 tenet
849 643 882 703 et
914 637 1047 704 minime
1080 659 1114 702 sc
1136 638 1244 703 sidere
1266 637 1408 724 Scioppius

287 755 412 818 dixerat
435 773 491 816 cur
515 753 635 816 veteres
658 772 723 814 non
746 771 845 834 acque
868 772 906 814 ac
924 752 1094 830 perforare
1115 753 1260 826 inforare
1280 771 1410 834 usurpare

286 863 475 948 potuissent.
505 860 664 926 Nimirum
686 859 748 924 hac
768 860 893 924 ratione
908 859 1006 928 etiam
1021 859 1167 924 inaudita
1182 867 1297 941 afforet
1310 860 1411 925 formae

287 973 506 1059 pasroeuere,
536 991 631 1055 quam
660 993 677 1034 e
705 970 861 1054 principis
889 971 1039 1035 editionis
1066 991 1258 1054 suorumque
1291 971 1412 1035 codicum

287 1085 446 1168 scriptura
468 1090 585 1163 afferat
598 1079 735 1165 Pylades
758 1081 874 1162 effecit,
897 1080 948 1145 vel
972 1079 1099 1166 (quidni
1114 1080 1239 1165 enimi)
1257 1084 1412 1159 conserere,

288 1199 436 1273 descrere
457 1193 563 1277 fingas
587 1192 744 1256 arbitratu
765 1192 830 1254 tuo.
860 1189 1061 1275 Quamquam
1082 1193 1118 1255 ut
1132 1212 1243 1255 verum
1265 1191 1413 1271 fateamur,

289 1308 395 1370 exstat
416 1325 517 1367 unum
531 1302 621 1366 verbi
643 1301 728 1366 illius
745 1301 912 1386 compositi
928 1301 1108 1386 exemplum
1124 1301 1210 1386 apud
1226 1301 1415 1368 Columellam

288 1415 346 1499 IX,
373 1417 401 1498 1,
425 1415 461 1478 3:
484 1419 546 1477 siae
567 1422 645 1477 teres
666 1417 786 1477 orborr‘s
808 1423 934 1478 truncus
947 1420 1009 1478 sive
1028 1463 1039 1492 ¹.
1066 1461 1072 1475 .
1097 1463 1104 1477 .
1126 1419 1229 1490 fissilis
1250 1420 1338 1494 stipes
1350 1433 1416 1477 cum·

284 1533 425 1608 pluribus
446 1530 521 1588 locis
540 1543 597 1601 per
612 1529 693 1587 lalus
707 1531 870 1604 efferatur.
900 1523 962 1588 Sed
977 1521 1053 1607 quid
1069 1545 1105 1588 eo
1120 1545 1201 1608 opus
1225 1526 1275 1587 est
1294 1523 1417 1605 omuino,

288 1635 415 1721 quaudo
447 1633 530 1699 nihil
562 1632 747 1697 offensionis
780 1633 915 1718 simplex
940 1638 1029 1710 foret
1056 1633 1160 1698 forma
1189 1634 1311 1698 habet?
1338 1655 1419 1719 quam

288 1749 354 1813 iam
386 1743 565 1811 Saracenas
605 1743 849 1808 commendabat
890 1749 1017 1828 practer
1048 1748 1195 1824 perforat
1233 1745 1418 1830 scripturam.

239 1917 248 1938 ,
290 1857 374 1921 Nom
397 1858 430 1919 et
447 1859 603 1935 plumbeos
629 1861 755 1919 crinales
784 1875 804 1918 a
831 1860 975 1919 lareribus
998 1876 1059 1936 per
1079 1863 1181 1935 spolia
1202 1863 1352 1935 palmaria
1372 1875 1420 1918 rao·

291 1974 367 2032 dicis
384 1970 493 2042 sorori
514 1970 596 2029 cauis
617 1964 701 2028 idem
724 1963 778 2028 ille
800 1963 974 2030 Columella
996 1963 1086 2046 VIII,
1110 1966 1141 2048 3,
1165 1965 1186 2029 9
1208 1966 1312 2048 iussit,
1335 1967 1364 2029 ct
1380 1967 1420 2042 so·
1484 2035 1485 2046 2

289 2087 362 2141 ruta
394 2095 512 2140 cornua
544 2073 625 2138 dixit
646 2074 726 2159 VH,
750 2075 786 2157 3,
815 2075 851 2158 6,
872 2082 1009 2155 perticas
1033 2079 1159 2151 foratas
1180 2074 1280 2159 VIII,
1317 2075 1368 2158 12,
1397 2075 1421 2153 l,

292 2191 387 2270 atque
421 2185 499 2248 odeo
529 2188 683 2260 [oratos
712 2175 884 2267 parietes
905 2185 1001 2258 VIII,
1024 2187 1061 2268 3,
1096 2187 1131 2269 Ἰ,
1162 2207 1228 2249 non
1248 2189 1422 2267 perforatos,

292 2295 418 2381 qualern
440 2293 595 2378 parietem
617 2296 652 2360 in
668 2277 782 2360 Militis
804 2299 995 2381 argomento
1011 2293 1190 2361 Saracenos
1214 2299 1247 2360 et
1266 2296 1425 2360 Lambinus

292 2406 485 2490 expetebant
518 2407 550 2470 at
582 2409 657 2470 ante
691 2428 743 2470 cos
770 2406 814 2490 is,
844 2407 898 2490 qui
926 2406 961 2470 iu
988 2405 1135 2492 marglue
1164 2405 1297 2472 Etrusci
1325 2403 1426 2472 codicis

293 2519 421 2601 praeter
443 2523 556 2596 effora!
578 2516 687 2600 posuit
708 2517 805 2581 etiam
824 2520 984 2597 perforat:
1019 2517 1104 2581 unde
1126 2517 1165 2581 de
1186 2523 1296 2582 codice
1317 2523 1427 2595 antiquo

293 2609 433 2691 iudicare
455 2626 541 2709 licet,
566 2626 601 2691 in
623 2649 685 2711 quo
707 2627 792 2690 idem
813 2626 879 2712 legi
894 2627 971 2692 Pius
993 2630 1141 2692 testatur.
1173 2627 1428 2712 Decepitautcm

293 2739 421 2821 praeter
443 2735 595 2801 Bothium
617 2757 727 2800 omnes
750 2736 891 2822 Scioppii
914 2737 952 2801 de
975 2740 1109 2821 utroque
1132 2736 1312 2803 Camerarii
1336 2735 1429 2802 codice

293 2846 441 2912 Palatino
472 2846 610 2910 mendax
643 2847 876 2912 testimonium:
913 2868 979 2911 non
1016 2848 1118 2933 magis
1151 2848 1241 2912 enlm
1274 2848 1324 2912 illi
1349 2867 1431 2932 quam

294 2957 374 3022 alius
397 2958 478 3022 liber
499 2957 583 3020 ullus
605 2956 728 3022 habent
742 2970 844 3042 atque,
868 2957 922 3022 sed
938 2958 1123 3042 planissime
1139 2961 1310 3023 exaratum
1328 2962 1433 3021 alteas
1484 2977 1485 2996 ¹

293 3081 321 3132 et
340 3071 441 3151 forat,
464 3067 548 3152 quod
570 3077 599 3132 et
617 3071 705 3144 [aar
728 3069 882 3152 scriptum
905 3068 938 3132 in
954 3067 1090 3132 Etrusco
1112 3068 1247 3132 transiit
1272 3068 1386 3132 deinde
1405 3067 1434 3129 iu

293 3178 342 3260 id,
372 3177 456 3261 quod
484 3199 555 3241 cum
583 3176 743 3262 Lipsiensi
771 3175 1030 3243 Vindobonensis
1058 3179 1163 3260 tenet,
1199 3185 1326 3258 efferat.
1376 3175 1434 3240 Nec

295 3287 373 3350 satis
400 3305 469 3351 esse
498 3309 628 3352 caussae
650 3289 790 3372 videtur,
822 3311 878 3352 cur
899 3310 965 3353 non
992 3288 1135 3372 potuisse
1158 3287 1251 3372 addi,
1282 3310 1346 3373 qua
1367 3307 1436 3352 saue

296 3417 459 3461 careamus
492 3396 561 3460 sine
588 3397 752 3482 molestia,
785 3411 814 3462 ct
846 3399 1005 3483 particula
1041 3401 1187 3484 putetur:
1222 3421 1291 3482 qua
1320 3398 1437 3484 quidem

295 3505 395 3572 multo
418 3506 515 3570 etiam
537 3506 700 3572 molestius
716 3508 793 3573 alibi
808 3531 883 3574 usus
906 3513 955 3573 est
969 3510 1082 3574 horum
1096 3507 1128 3572 h.
1146 3530 1173 3572 e.
1190 3508 1438 3575 acrostichorum

296 3617 433 3700 scriptor
466 3622 743 3703 argumentorum,
777 3622 813 3684 ut
841 3619 932 3703 Capt.
957 3619 976 3684 8
1004 3631 1039 3684 et
1064 3627 1089 3684 is
1116 3625 1245 3684 reduxit
1269 3631 1393 3700 captum
1416 3629 1440 3680 a

291 3731 454 3806 sopitivum
481 3733 585 3792 simul:
619 3729 705 3794 Men.
734 3731 755 3794 5
787 3742 821 3795 ct
848 3737 873 3795 is
899 3751 1086 3810 permenam,
1112 3741 1281 3809 postquam
1306 3733 1438 3803 adoletur,

296 3845 458 3918 quaeritat.
504 3837 617 3902 Omitti
641 3861 678 3904 ea
703 3839 982 3925 porticulaetieim
1005 3841 1096 3924 Capi.
1120 3838 1141 3904 5
1162 3841 1336 3922 potuerat:
1358 3851 1441 3920 poter

295 3956 432 4028 captivos
453 3959 673 4014 commercalur
696 3955 786 4028 Alios,
811 3959 928 4014 tacitum
949 3955 1072 4015 studens
1094 3960 1126 4014 ut
1152 3961 1260 4013 reatum
1290 3957 1440 4030 recupera

296 4081 397 4124 suum:
424 4072 458 4122 et
480 4066 510 4122 ia
533 4064 598 4124 ibus
620 4067 689 4124 cmii
712 4066 781 4125 olim
803 4069 942 4125 amissum
961 4067 1073 4138 filium:
1103 4057 1143 4122 cf.
1169 4079 1301 4143 argum
1326 4059 1393 4123 Mil.
1414 4057 1440 4119 4.

298 4168 391 4232 Most.
416 4169 446 4234 ἴ).
470 4168 569 4233 Poeu.
593 4170 623 4234 3.
647 4168 742 4234 Truc.
767 4171 797 4234 7.
842 4170 963 4246 Quibus
992 4169 1143 4254 exemplis
1172 4169 1330 4235 omnibus
1353 4190 1441 4256 nego·

297 4280 378 4342 tium
405 4278 553 4362 scriptori
580 4279 745 4343 facessivit
770 4301 920 4344 versuum
947 4281 987 4344 ab
1018 4285 1046 4343 E
1075 4279 1184 4343 littera
1217 4279 1440 4345 ordiendomm

298 4387 489 4474 necessitam
515 4391 611 4472 atque
638 4388 734 4475 longe
762 4389 796 4453 iu
824 4389 884 4454 hoc
907 4411 1025 4476 genere
1048 4388 1228 4474 elegantius
1254 4393 1439 4476 argumento
