2996 5148
580 329 714 378 mainis
738 328 916 380 Gnosiosi.

132 484 204 549 sed
234 483 450 548 nominativo
472 503 595 567 quoque
616 481 716 546 Mero.
739 481 779 564 V,
802 483 833 566 2,
857 483 913 548 28:

246 651 321 710 non
343 651 488 710 amittunt
509 651 542 708 hi
566 645 658 728 [immo
685 645 742 729 his]
769 670 816 708 me
839 649 962 709 comites
986 653 1038 727 qui
1060 652 1174 710 tenent.
1197 683 1238 692 -
1261 648 1319 719 Qui

785 737 855 794 saint
878 736 925 794 ei?

134 867 255 950 (nam
282 865 384 930 Truo.
407 865 439 947 Ι,
462 865 493 948 2,
516 865 537 930 5
558 887 616 948 pro
638 871 709 944 quia
737 872 768 929 ei
794 871 832 930 Vt
852 871 953 929 simitu
975 869 1141 929 adveniunt
1161 887 1179 928 e
1201 863 1319 928 Palati·

132 991 285 1040 n'orum
313 976 472 1058 scriptura
494 983 598 1056 qniaei
610 980 671 1040 Au!
691 995 778 1040 senec
799 974 982 1038 felicissime
1006 973 1041 1039 (Ι.
1057 973 1097 1039 Ε.
1115 973 1172 1040 Oh.
1189 975 1319 1038 Schnei-

134 1085 304 1168 derus*)
329 1085 469 1149 restituit
491 1091 594 1164 qairrei
612 1097 667 1150 aut
687 1092 772 1150 senei
796 1085 828 1148 h.
853 1106 879 1149 e.
903 1092 990 1165 quini
1011 1097 1065 1149 out
1078 1087 1170 1166 seni):
1208 1085 1320 1148 simili·

135 1201 283 1282 terque
310 1195 346 1259 in
369 1195 456 1259 exitu
478 1217 588 1260 versus
612 1195 802 1260 collocatum
824 1201 867 1259 eis
888 1193 988 1260 habes
1010 1194 1105 1279 Epiri.
1124 1195 1184 1278 ΙΙΙ,
1207 1195 1238 1276 4,
1263 1193 1318 1258 83:

251 1357 309 1397 me
330 1337 444 1412 inpono
466 1337 592 1396 inrisum
614 1357 677 1397 esse
699 1337 837 1394 habitum
860 1336 1069 1410 depeculatum
1091 1333 1196 1412 eis**);

137 1468 251 1535 Rud.
279 1466 366 1552 proi.
390 1468 445 1532 73:

365 1609 471 1668 sedent
492 1608 587 1682 eiecti,
616 1609 702 1668 nivis
725 1607 906 1667 eonfraottst
928 1608 970 1666 eis
994 1603 1049 1686 [oei
1070 1603 1129 1687 iis]‚
1162 1597 1169 1612 ¹

136 1743 210 1807 ubi
248 1741 387 1824 praeter
414 1739 567 1802 librorum
595 1739 690 1803 fidem
713 1739 914 1804 Camerarius
942 1743 1005 1802 ibus
1027 1737 1170 1821 scripsit3
1205 1734 1318 1823 [Stichi

137 1853 252 1918 enim
278 1870 394 1912 versus
416 1847 443 1931 Ι,
466 1849 498 1932 2,
525 1850 563 1913 14
578 1848 655 1913 hino
677 1849 906 1934 segregandae,
928 1848 985 1912 ubi
1006 1869 1064 1931 pro
1087 1869 1123 1910 eo
1145 1847 1228 1931 qnod
1251 1851 1320 1911 erat

135 1985 227 2030 cum
255 1967 307 2024 eis
330 1959 503 2042 repositum
526 1964 575 2023 est
601 1963 731 2024 auctore
759 1959 924 2060 Irornanno
951 1981 1017 2023 cam
1045 1957 1145 2044 meis3]
1180 1957 1318 2042 itemque

136 2095 210 2139 eae
241 2069 340 2134 Men.
363 2068 389 2152 Ι,
415 2071 444 2152 1,
470 2069 519 2133 10.
546 2067 656 2156 [Poen.
680 2069 706 2152 Ι,
730 2071 760 2152 2,
786 2069 875 2158 109];

329 2221 382 2276 aut
403 2219 503 2293 lapido
526 2219 681 2278 excutiunt
703 2220 833 2278 clivom:
856 2237 954 2296 nugae
977 2221 1048 2278 seint
1070 2239 1130 2278 eae.
1338 2233 1386 2282 till

330 2299 529 2381 [sacruficaren
551 2307 622 2363 niam
644 2305 799 2380 vigulanta
820 2303 935 2362 Venere
958 2305 982 2362 si
1005 2305 1129 2364 veniant
1151 2299 1223 2382 aaa]

139 2457 176 2522 Ε
215 2451 300 2518 solo
329 2450 407 2514 item
430 2449 545 2516 Vetere
574 2451 681 2515 codiee
713 2473 742 2516 v.
766 2452 786 2514 9
811 2457 926 2517 luditur
953 2473 1011 2536 pro
1034 2457 1189 2516 deluditur
1211 2451 1318 2516 Carno-

140 2564 273 2631 rarius
301 2561 430 2624 demum
452 2562 603 2645 reposuit.

251 2671 322 2738 Sed
347 2672 411 2735 iam
425 2670 647 2736 revertendum
670 2677 719 2736 est
741 2673 780 2736 ad
803 2673 932 2737 initium
948 2671 1152 2757 Arigumenti,
1177 2671 1317 2736 nondum

139 2785 242 2853 iilud
270 2785 494 2866 personatum.
539 2781 582 2846 Et
605 2782 704 2846 altero
727 2783 854 2866 quidem
869 2805 962 2846 versu
985 2790 1055 2847 dum
1077 2805 1130 2846 ero
1152 2783 1318 2845 restituere

138 2916 262 2963 nemo
289 2891 502 2976 dubitaverit,
526 2893 580 2977 qui
602 2893 662 2956 hoo
684 2893 740 2956 illa
762 2893 872 2958 ordine
899 2893 934 2956 in
957 2893 1084 2976 scriptis
1107 2891 1196 2956 libris
1218 2891 1317 2954 omni-

139 3075 205 3084 ...-

141 3173 281 3234 uidere,
304 3164 422 3232 cogitari
440 3181 521 3234 posse
539 3164 574 3218 de
592 3183 643 3221 eae
661 3165 752 3218 forma
768 3163 953 3222 Buecheleros
971 3163 1005 3218 de
1024 3162 1091 3216 decl.
1107 3163 1154 3216 lat.
1174 3181 1200 3232 p.
1215 3169 1248 3218 60
1266 3163 1318 3232 sig·

139 3261 281 3324 nificat‚
308 3274 479 3325 quamquam
496 3257 554 3328 ipse
572 3257 741 3328 improbans.
772 3289 805 3298 -
836 3257 963 3312 Ceterum
986 3273 1048 3312 cum
1070 3257 1116 3310 vix
1138 3257 1248 3326 placere
1267 3275 1319 3326 que

139 3353 236 3412 iilud
257 3353 290 3406 in
311 3353 470 3420 danaosque
493 3351 594 3420 possit,
624 3350 717 3405 nescio
740 3367 776 3404 an
798 3351 854 3404 alia
870 3350 964 3420 potius
983 3349 1080 3404 vocula
1099 3350 1244 3417 exciderit,
1267 3349 1318 3404 sie:

138 3451 277 3510 donavi
302 3446 378 3502 ultro
401 3449 429 3501 ei
446 3475 486 3497 -.
522 3443 578 3498 Vbi
601 3444 648 3513 qui
671 3461 722 3502 ene
744 3445 909 3513 praetulerit
932 3444 1046 3514 (quippe
1070 3443 1200 3498 facillime
1219 3443 1245 3498 in
1264 3463 1317 3498 aar

138 3539 314 3600 transibat
333 3541 406 3604 aaa),
424 3537 551 3607 proximo
570 3554 679 3605 quoque
698 3543 779 3590 versu
796 3538 916 3593 scribere
930 3547 1075 3608 laeuoque
1094 3555 1144 3596 ene
1163 3541 1236 3596 dono
1255 3539 1321 3594 decii

138 3655 210 3710 pro
234 3647 352 3704 quoque
371 3631 414 3684 vel
433 3631 559 3700 quodque
577 3631 710 3700 debebit]

233 3729 262 3797 *)
298 3724 338 3794 [in
361 3722 536 3794 praefatione
559 3724 736 3778 ‘Truculenti
759 3723 887 3780 ecodico
905 3725 1134 3795 Heidelbergonsi
1156 3731 1317 3794 expressae’

138 3820 295 3894 (vransl.
319 3835 346 3871 a.
372 3819 463 3884 1834):
492 3816 521 3870 id
545 3815 620 3885 quod
650 3818 722 3886 fugit
747 3819 870 3872 Bririum
900 3820 1072 3891 (disciplinae
1095 3817 1318 3873 Vratislavionsis

138 3915 322 3978 alumnum)
342 3909 372 3964 in
389 3909 561 3965 Fleckeiseni
576 3911 675 3965 Annal.
693 3911 759 3980 phil.
777 3913 797 3964 t.
816 3919 846 3966 91
867 3915 903 3980 (a.
925 3919 999 3980 1865)
1018 3932 1044 3982 p.
1064 3913 1116 3980 62]

232 4009 278 4077 **“)
299 4005 399 4078 [Hunc
416 4019 525 4056 versum
539 4006 570 4058 ut
583 4023 597 4059 s
611 4004 780 4072 reliquorum
798 4005 931 4060 societate
951 4005 1123 4060 eximendum
1137 4020 1199 4057 esse
1211 4002 1317 4056 intelie-

137 4121 273 4176 gamus‚
295 4095 397 4155 effecit
414 4095 576 4152 Baechoiori
594 4097 752 4152 emendatio
770 4098 805 4152 de
825 4099 892 4153 decl.
912 4098 959 4153 lat.
979 4118 1007 4169 p.
1027 4103 1072 4152 56:

563 4217 699 4296 'perdam
717 4217 809 4288 potius
828 4221 912 4284 quim
931 4219 1019 4272 sinam

375 4283 425 4338 Me
443 4283 544 4352 inpane
562 4304 676 4339 inrisum
694 4303 767 4352 esse,
786 4287 913 4339 habitum
932 4283 1113 4354 depeculatui.

374 4351 436 4408 Mei
453 4353 490 4404 stc
509 4354 575 4408 data
593 4371 653 4408 esse
671 4355 758 4408 verba
774 4355 916 4424 praesenti
934 4351 1054 4422 paraintl
