2996 5148
277 330 340 394 382
563 347 802 406 ovnrsmonns
826 347 1133 395 roroonnrnrons.

277 497 417 563 Carina:
450 500 527 564 item
556 501 664 565 omisit
692 501 826 566 illustris
848 500 945 564 Vrbis
976 503 1144 565 enarrator
1166 499 1324 566 Bunsenus
1343 501 1390 586 Eq.

276 611 311 673 in
333 609 443 674 Descr.
468 609 589 675 Romae
616 611 631 675 Ι
653 635 685 696 p.
708 613 787 695 140,
812 611 981 676 Strabonis
990 616 1021 694 *)
1044 610 1256 695 potissimum,
1278 616 1309 676 ut
1326 613 1393 676 vide·

276 724 344 803 tur,
378 722 567 786 ouetmitate
591 722 744 805 confisus,
774 722 827 806 qui
850 721 890 804 V,
916 722 934 784 'l
956 743 989 806 p.
1013 723 1077 787 234
1102 721 1173 786 Cas.
1199 723 1339 786 continuo
1355 745 1393 786 or-

276 831 350 894 dine
379 830 437 894 has
470 855 503 894 11
534 835 600 895 tres
622 836 731 916 portas
754 833 882 916 aggeris
905 832 1051 896 Serviani
1083 831 1246 916 excepisse
1269 835 1395 896 testam:

245 992 249 1002 .
276 941 450 1024 1111111111,
474 941 684 1025 Viminalcm‚
708 942 920 1026 Esquilinam.
964 942 1098 1006 Paetum
1120 941 1235 1006 laudo:
1269 943 1315 1006 sed
1336 943 1396 1026 quid

276 1053 339 1114 iam
354 1050 454 1114 Melia
475 1052 531 1114 illa
554 1051 705 1116 Plautina
726 1052 807 1116 fiat?
829 1052 867 1115 de
889 1075 951 1136 qna
974 1053 1057 1116 unde
1079 1052 1221 1134 tandem,
1246 1075 1303 1136 quo
1321 1074 1398 1136 quae·

275 1161 357 1224 renti
381 1161 460 1224 satis
488 1161 555 1244 fiat,
579 1166 681 1246 pietas,
705 1161 732 1226 si
755 1162 915 1226 uberrima
937 1152 1161 1246 Description'e
1183 1163 1365 1226 destituare?

358 1271 471 1355 ltaque
497 1275 533 1334 nt
566 1273 720 1335 radicitus
742 1273 877 1336 Metium
898 1272 976 1336 illud
1001 1276 1215 1336 commentum
1238 1277 1271 1336 et
1291 1295 1306 1336 1
1326 1275 1399 1354 topo

275 1382 411 1466 graphia
433 1381 528 1445 Vrbis
562 1385 594 1444 et
621 1403 638 1444 1
660 1381 818 1446 Plautinis
845 1382 964 1447 fabulis
992 1382 1179 1446 evellamus:
1208 1384 1263 1466 qui
1288 1381 1399 1446 tandem

274 1497 323 1554 tot
339 1492 459 1557 ‘doctos
488 1493 522 1555 in
550 1514 606 1556 suo
628 1514 745 1576 genere
767 1492 912 1556 homines
934 1493 1046 1578 fugere
1068 1493 1190 1576 potuit,
1224 1515 1289 1557 non
1313 1513 1399 1576 posse,

273 1604 403 1686 quaein
419 1603 576 1666 Pseudulo
591 1603 711 1666 aretia
726 1605 819 1686 esset,
843 1602 1003 1668 Metiam
1019 1624 1086 1666 esse
1102 1603 1137 1666 in
1154 1601 1296 1668 Casina?
1315 1601 1400 1665 lnnllo

273 1717 380 1776 alitem
412 1715 517 1778 11111111
540 1719 680 1778 Macetae
708 1713 804 1776 alicui
837 1713 939 1777 locum
966 1714 1001 1777 in
1023 1713 1174 1777 Pseuduli
1203 1735 1298 1776 versu
1324 1715 1401 1775 esse?

275 1823 417 1888 Haecine
440 1845 554 1908 susque
582 1824 682 1907 deque
704 1821 864 1887 habentur
885 1824 1039 1908 impune?
1082 1824 1137 1906 At,
1172 1823 1295 1908 inquit,
1317 1822 1341 1886 si
1361 1843 1401 1884 11-

273 1938 383 2016 specta
411 1941 460 1997 est
490 1935 525 1997 in
549 1933 665 1998 Casina
687 1934 805 1997 Metiae
832 1937 943 2017 portae
966 1933 1242 2017 commemoratiO,
1273 1934 1323 2018 qui
1345 1953 1402 1995 1111

274 2045 431 2126 expellere
464 2067 481 2105 c
510 2043 667 2106 Pseudulo
700 2045 842 2107 animum
874 2043 1034 2108 inducas?
1076 2043 1170 2108 Vnde
1203 2044 1230 2106 si
1266 2039 1403 2106 removeri

273 2173 338 2215 non
361 2154 516 2236 potuerit,
540 2155 658 2238 quippe
680 2176 761 2238 quac
784 2154 878 2223 nihil,
891 2155 1062 2238 quicquam
1087 2153 1132 2217 ibi
1154 2153 1340 2217 offensionis
1359 2151 1405 2213 ha-

274 2261 363 2344 beat,
397 2263 451 2346 qui
484 2285 554 2326 earn
587 2265 717 2328 omnino
739 2286 756 2328 e
778 2268 942 2348 portarum
964 2285 1096 2327 numero
1122 2263 1240 2327 tolles?
1263 2303 1306 2313 -
1326 2262 1406 2326 Itane

274 2372 372 2435 vero?
415 2372 501 2448 Quae
533 2396 607 2438 vero
629 2397 684 2438 vos
706 2376 790 2438 mala
817 2397 892 2438 crux
926 2374 1010 2459 egit,
1043 2378 1079 2438 ut
1110 2396 1151 2438 ne
1173 2373 1270 2438 Parei
1293 2371 1405 2457 quidem

273 2482 371 2564 copiis
393 2482 547 2568 inspectis
562 2492 680 2549 raetiam
696 2486 908 2570 opinaremini
921 2485 1074 2549 librorum
1097 2485 1163 2548 sive
1185 2485 1330 2549 omnium
1351 2484 1407 2544 1111

272 2594 469 2675 quorundam
492 2595 558 2658 sive
580 2597 771 2678 optimorum
798 2597 988 2680 scripturam
1011 2617 1089 2678 esse,
1120 2615 1202 2678 quae
1224 2616 1316 2658 mera
1337 2591 1407 2656 anti·

271 2704 495 2786 quissimorum
518 2707 701 2770 coniectura
723 2707 933 2789 editorum**)
953 2705 1093 2790 prodiit?
1121 2703 1237 2768 Nullus
1262 2709 1313 2769 est
1333 2703 1407 2767 eninr

272 2815 433 2879 1111111111
460 2819 662 2899 spirantumvis
691 2817 793 2880 malus
821 2818 871 2880 vel
901 2816 1128 2900 interpolatim,
1164 2815 1244 2898 quin
1267 2815 1363 2899 plane
1383 2818 1410 2874 et

271 2927 436 3008 perspicue
459 2926 614 3008 scriptum
635 2934 796 2992 mistiam
818 2927 986 3010 praebeat:
1009 2947 1070 2990 111
1089 2925 1253 3008 discrepat
1268 2925 1409 3008 princeps

271 3033 376 3100 editio.
422 3035 546 3120 Ecquid
569 3039 674 3100 autem
697 3037 845 3121 displicet
865 3039 900 3103 in
922 3038 982 3101 hoc
1004 3058 1097 3100 versu
1118 3035 1288 3099 Pseuduli:

313 3175 377 3234 Iani
392 3177 440 3234 hic
455 3197 519 3236 oro:
542 3198 645 3237 11111111
660 3179 744 3236 extra
762 3181 882 3254 portam
903 3179 949 3237 nii
973 3180 1083 3237 ctiam
1098 3178 1312 3237 currendumst
1327 3175 1412 3251 prius.

271 3306 339 3378 Quo
367 3307 448 3370 nihil
476 3309 511 3371 iu
533 3307 719 3372 Plautinum
741 3331 919 3374 sermonem
940 3331 1008 3374 esse
1031 3309 1276 3374 convenientius
1299 3309 1410 3392 potest.

272 3415 390 3479 Actum
424 3422 472 3481 est
503 3419 601 3503 igitur
631 3419 669 3483 dc
702 3442 738 3484 eo
772 3420 1025 3505 exemploquod
1057 3420 1235 3504 suspitione
1263 3417 1413 3483 vacabat:

338 3621 363 3688 *J
382 3623 480 3689 διόπερ
497 3623 608 3691 τάφρον
628 3627 741 3691 βαθεῖαν
760 3626 908 3693 ὀρύξαντες
927 3625 967 3680 εἰ(
979 3627 1014 3680 τὸ
1033 3627 1114 3680 ἐντὸς
1133 3626 1268 3680 ἐδέξαντο
1289 3629 1346 3692 τὴν
1363 3629 1412 3690 γῆν

272 3716 315 3768 καλ
334 3715 472 3770 ἐξέτειναν
491 3717 558 3770 dccv
576 3719 736 3772 ἑξαετάδιον
754 3724 834 3785 χῶμα
851 3723 897 3776 ἐπὶ
915 3725 950 3788 τῇ
969 3721 1050 3774 ἐντὸς
1069 3719 1156 3786 ὀφρύι
1174 3724 1226 3786 τήτ
1239 3721 1358 3788 τάφρου
1371 3719 1409 3770 καὶ

269 3811 407 3874 ἐπέβαλον
424 3815 516 3876 τεῖχος
534 3814 579 3864 καὶ
600 3813 723 3879 πύργουε
742 3813 800 3866 ἀπὸ
818 3818 869 3880 τῆ(
886 3813 1020 3868 Κολλίνα(
1038 3814 1129 3880 πύλη(
1148 3814 1226 3880 μέχρι
1245 3819 1303 3881 τῆς
1324 3815 1414 3867 ’Hesu-

270 3905 359 3956 llvoc·
384 3905 440 3957 ὑπὸ
465 3905 538 3971 persp
562 3905 592 3957 δέ
613 3911 655 3974 τῷ
679 3907 787 3971 χώματι
809 3907 890 3974 τρίτη
909 3908 965 3960 ἐετί
984 3907 1060 3973 πύλη
1080 3908 1231 3972 ὁμώνυμοι
1250 3913 1297 3976 τῷ
1318 3908 1414 3970 Οὐιμε·

270 3996 357 4064 vallo
376 3998 468 4064 λόφῳ.
494 3996 573 4060 Quod
592 3997 703 4064 quidem
722 3997 910 4052 testimoninm
928 4015 983 4052 non
1002 3999 1204 4054 1111111Ρ111111
1224 4001 1265 4066 (et
1286 4017 1353 4054 curn
1372 3998 1415 4050 illo

270 4106 301 4140 ex
321 4089 397 4142 Italis
422 4089 612 4158 arclraeologis
636 4091 753 4146 sortasse
771 4092 840 4146 alios
859 4094 929 4146 bene
948 4093 1060 4162 multos)
1082 4093 1110 4146 in
1134 4109 1196 4145 eam
1218 4096 1337 4162 partein
1358 4107 1414 4144 rer-

269 4181 342 4246 tisse,
362 4183 392 4235 ut
409 4199 463 4236 non
483 4181 590 4237 excludi
608 4183 724 4238 aliarum
742 4187 887 4254 portarum
906 4186 1090 4240 accessionem
1108 4185 1222 4239 diceret.

335 4275 376 4342 **)
400 4277 542 4344 Saraceni,
561 4279 593 4331 ut
610 4277 730 4331 videtur:
760 4279 815 4332 nisi
834 4281 905 4334 sorte
922 4279 1033 4347 Vellere,
1054 4279 1129 4333 1111111
1148 4297 1220 4332 none
1238 4295 1298 4334 non
1320 4281 1365 4333 est
1383 4277 1416 4332 ad

269 4385 366 4421 inaniis
384 4371 602 4426 commentarius.
