2996 5148
619 419 751 471 nurus
775 419 951 471 oromosr.
1295 405 1359 470 419

157 575 256 638 dem
286 577 406 655 puolo)
429 595 542 656 parum
563 573 663 638 tribui
677 577 795 659 potest,
818 579 856 639 ut
870 576 925 660 qui
940 577 983 640 sit
998 597 1015 638 e
1030 595 1148 639 scaena
1169 575 1276 640 lacera
1298 576 1357 639 mi-

156 705 343 767 sereque
370 683 554 766 depravatu.
600 684 720 750 Contra
741 685 777 750 in
799 684 918 751 Bacch.
941 685 968 768 Ι,
994 688 1022 768 1,
1050 685 1088 750 13
1110 691 1167 750 tec
1189 692 1268 750 idem
1284 708 1356 780 ,nou

155 793 309 880 magis
343 793 434 857 inter
462 816 495 858 se
524 798 708 860 constructa
737 800 814 860 sunt
835 818 932 880 quam
953 801 1031 861 idem
1053 802 1111 862 100
1132 796 1252 882 Amph.
1276 796 1303 880 I,
1329 797 1356 875 1,

159 907 232 988 11,
267 915 314 968 tn
341 909 424 968 idem
446 905 539 968 Asin.
562 905 605 988 Π,
632 908 660 988 1,
684 906 714 970 8.
737 905 822 970 Rud.
838 905 896 989 IV,
911 909 944 990 4,
967 906 1020 989 30,
1043 913 1121 972 idem
1143 929 1199 987 epo
1221 907 1296 973 Aul.
1313 907 1356 990 ll,

159 1015 312 1100 1,-20.
340 1015 397 1078 53.
427 1013 513 1079 Men.
537 1013 603 1099 Ill,
627 1017 663 1098 2,
689 1017 739 1080 19.
774 1016 842 1080 Mil.
866 1016 915 1100 Π,
941 1020 977 1100 1,
1004 1019 1051 1082 10.
1083 1016 1185 1082 Stichi
1206 1017 1247 1102 V,
1274 1019 1302 1100 1,
1325 1019 1356 1099 4,

154 1149 236 1206 eqo
269 1131 370 1190 idem
392 1123 542 1208 110117,
566 1125 597 1209 9,
620 1127 672 1190 35.
723 1125 791 1190 Nec
819 1127 960 1210 pertinet
980 1127 1043 1192 huc
1065 1127 1167 1194 Stichi
1189 1127 1216 1212 Ι,
1239 1129 1270 1210 3,
1297 1128 1357 1191 106

154 1245 268 1304 haec
299 1239 417 1298 eadem
439 1235 484 1315 (h.
500 1257 528 1300 e.
548 1235 676 1322 lingua)
699 1243 774 1302 dr‘cit
793 1243 857 1302 tibi.
903 1237 993 1304 Haec
1013 1238 1115 1323 igitur
1137 1236 1356 1302 camillorum

152 1349 279 1413 ratio
315 1345 384 1439 sit,
422 1348 455 1408 01
481 1346 648 1430 vulgatum
675 1347 820 1412 ordinem
847 1349 1028 1414 tenebimus
1052 1352 1083 1413 et
1106 1349 1282 1413 certissima
1304 1349 1356 1412 via

155 1460 310 1524 hiatus
337 1455 511 1519 offensioni
532 1479 744 1522 occurremus.
784 1459 902 1522 Mirum
925 1462 973 1523 est
995 1460 1082 1524 euim
1105 1459 1143 1523 dc
1165 1462 1216 1524 sat
1236 1459 1356 1524 usitata

153 1579 199 1636 ei
231 1569 390 1634 formae
417 1565 626 1650 productione
653 1569 814 1634 neminem
837 1569 1013 1654 cogitasse,
1042 1592 1106 1654 qua
1132 1569 1217 1634 hanc
1245 1591 1355 1634 versus

158 1697 399 1746 mensuram
421 1677 661 1743 nanciscamur:

503 1839 533 1895 01
555 1837 652 1896 tidem
673 1837 719 1896 illi
740 1839 831 1897 militi
854 1839 932 1898 dono
956 1839 1068 1898 datust.

155 1986 287 2067 Quod
314 2004 430 2069 genus
452 1984 512 2048 etsi
533 2006 600 2048 non
621 1985 790 2070 ignoratur
812 1989 1008 2068 (tractarunt
1022 1985 1101 2050 illud
1116 1985 1224 2050 dedita
1246 2008 1353 2071 opera,

155 2115 407 2188 quamquam
440 2094 593 2179 breviter,
633 2097 699 2160 iam
731 2095 863 2162 Vossius
887 2097 976 2161 Artis
999 2097 1173 2182 gramml
1202 2119 1229 2160 c.
1253 2097 1294 2160 22
1324 2101 1357 2161 01

160 2207 335 2276 wasius
364 2203 492 2269 senarii
515 2207 611 2289 011,
634 2228 747 2289 parum
770 2211 877 2271 autem
900 2208 1097 2272 confidenter
1119 2207 1154 2273 O.
1170 2207 1207 2271 L.
1225 2207 1356 2272 8011101-

155 2323 290 2386 denis
317 2314 442 2398 tetigit
464 2313 605 2378 Gramm.
628 2315 685 2380 lat.
709 2317 726 2380 I
747 2339 779 2402 p.
799 2317 889 2404 100):
910 2322 1020 2382 tamen
1043 2321 1079 2382 ut
1099 2319 1236 2402 plenius
1260 2339 1356 2402 cluam

155 2435 246 2498 late
277 2427 422 2512 pateat,
444 2426 668 2510 perspiciatur,
692 2428 837 2512 exempla
858 2451 1004 2512 promam
1017 2450 1084 2493 non
1099 2427 1207 2492 omnia
1229 2427 1356 2512 quidem

157 2543 285 2630 (sunt
312 2535 412 2600 enim
427 2539 510 2618 quae
523 2536 703 2601 uberiorem
718 2537 967 2622 disputationem
988 2537 1177 2623 postulent),
1202 2541 1236 2602 at
1257 2559 1356 2620 quan-

155 2661 250 2719 tum
282 2645 380 2712 satis
407 2643 459 2708 sit.

484 2807 492 2843 ε
567 2793 633 2866 agri
654 2788 778 2864 reliquit
800 2790 827 2849 ei
849 2811 910 2850 non
931 2793 1075 2869 magnum
1097 2790 1229 2850 modum.

480 2892 488 2928 ε
567 2875 757 2948 pulmentum
779 2875 895 2950 pridem
918 2878 1030 2952 eripuit
1059 2876 1085 2933 ei
1108 2876 1227 2933 mlluos.

474 2977 481 3012 ε
567 2959 619 3016 sed
642 2961 686 3016 lta
708 2963 743 3016 ut
764 2962 864 3035 occepi
888 2961 994 3034 dicere,
1018 2961 1044 3019 ei
1067 2959 1247 3018 auclllulast.
1371 2975 1399 3023 ll

493 3061 501 3098 ε
567 3045 592 3101 ts
615 3043 812 3103 Summanum
834 3049 866 3104 sc
888 3047 987 3105 vocari
1011 3045 1104 3104 dixit:
1134 3044 1160 3100 oi
1183 3041 1310 3098 reddidi.

332 3173 341 3201 ‚
428 3163 434 3180 .
456 3147 463 3182 :
568 3130 664 3185 mater
686 3127 882 3189 0111111111
897 3131 1030 3188 dederat.
1053 3129 1135 3186 Tuus
1150 3129 1236 3202 prater
1250 3127 1353 3184 rusum

972 3213 1055 3274 mihi.

437 3317 443 3352 :
568 3315 657 3356 senex
679 3298 728 3356 hie
749 3301 875 3358 maritus
896 3301 1025 3358 htbitat.
1049 3297 1075 3355 ei
1098 3299 1144 3355 est
1166 3295 1259 3356 filius.

568 3384 663 3440 00111
686 3383 809 3458 quidam
831 3388 942 3456 servos,
967 3385 1019 3460 qui
1042 3384 1074 3441 in
1095 3381 1200 3440 morbo
1224 3381 1324 3440 cubat.

568 3471 692 3542 pontem
714 3469 886 3543 interrupit,
910 3473 963 3546 qui
985 3475 1049 3528 crat
1071 3468 1098 3526 01
1120 3468 1152 3526 11
1172 3467 1289 3526 itinere.

461 3571 468 3606 :
570 3551 626 3609 feci
649 3552 712 3610 tius
735 3553 773 3625 01,
797 3554 878 3630 quod
899 3574 946 3611 me
970 3555 1076 3626 oravit,
1100 3551 1226 3627 copiam.

197 3671 198 3674 =
251 3687 263 3702 ,
333 3683 342 3710 ,
395 3679 403 3707 ,
455 3655 463 3690 :
570 3635 636 3694 dico
649 3637 676 3694 ei
688 3655 748 3712 quo
764 3641 853 3712 pacto
870 3642 935 3696 tam
950 3639 987 3696 ab
1000 3638 1200 3713 hippodromo
1216 3637 1352 3696 viderim.

168 3729 281 3807 Epid.
309 3723 340 3796 Ι,
371 3724 401 3794 1,
427 3721 483 3778 34:
566 3723 631 3778 slne
653 3722 774 3796 perdat:
799 3722 857 3780 alla
879 3724 1085 3797 adportabunt
1100 3723 1127 3780 ei
1148 3723 1238 3780 Nerei
1262 3721 1353 3779 filiae.

169 3813 300 3876 Bacch.
327 3805 393 3878 111,
421 3807 449 3877 6,
474 3805 531 3862 25:
566 3802 637 3864 1111
658 3807 691 3864 ni
712 3807 756 3864 its
783 3811 876 3880 esset,
904 3811 1005 3868 tecum
1028 3827 1143 3866 orarem
1164 3811 1199 3864 ut
1222 3806 1248 3864 ti
1272 3804 1353 3878 quod

973 3897 1076 3968 posses
1098 3887 1215 3974 mali.*)

170 3987 279 4046 Most.
306 3975 372 4051 IV,
400 3975 430 4048 2,
454 3975 511 4033 32:
566 3978 675 4050 priore,
709 3977 836 4034 nimium
864 3997 895 4036 es
924 3979 1079 4038 delicatus.
1123 3976 1160 4034 Ei
1192 3974 1353 4032 advorsum

972 4064 1119 4124 venimus.

161 4277 261 4338 tum,
287 4267 363 4338 post
386 4255 516 4316 intellexi
538 4257 605 4313 ferri
633 4275 748 4330 prorsus
770 4277 825 4314 nou
848 4261 951 4330 possa]
989 4260 1093 4314 Contra
1118 4255 1194 4312 recte
1220 4253 1351 4322 scriptum

158 4363 292 4424 Bacch.
314 4355 367 4424 IV,
386 4363 414 4422 9,
433 4359 469 4408 25
487 4353 531 4409 illi
547 4357 642 4411 itidem
659 4373 713 4423 pro
731 4355 789 4410 illic
806 4357 903 4412 eidem.

255 4458 286 4525 ⁸f)
307 4454 508 4524 [quamquam
525 4443 566 4499 ibi
583 4445 649 4501 licet
666 4463 733 4501 saue
751 4448 865 4504 ercirem
885 4451 915 4504 r'el
932 4452 959 4503 ei
975 4449 1051 4516 qrecd
1065 4441 1268 4515 pronuntiare]

1098 4534 1162 4598 27*
