3002 5146
434 241 654 292 onossanrvn
678 244 892 293 rnavnmvu.
1173 232 1236 297 245

109 398 182 462 tibus
201 399 370 482 peccatum
399 417 468 461 ease
486 405 631 478 protinas
652 398 713 482 ipsi
737 399 861 463 numeri
886 399 1037 464 clamant.
1070 438 1112 448 -
1144 400 1234 466 Oete-

109 531 167 572 rnm
197 507 408 592 antiquiorem
424 509 454 593 *)
490 519 651 587 protanam
688 509 854 592 (protenus)
894 510 1102 594 scripturam,
1146 510 1235 575 cuius

108 621 220 702 praeter
240 617 458 682 Mostellariae
488 618 595 681 locum
627 639 652 682 a.
676 641 703 682 s.
737 619 862 683 nullum
894 619 929 683 in
951 619 1112 684 Plautinis
1144 619 1239 685 libris

110 728 264 812 vestgium
292 728 457 810 relictum,
492 726 618 792 Nonius
641 751 672 812 p.
696 730 759 794 376
781 730 921 794 servavit
943 751 1015 794 cum
1036 731 1071 794 in
1094 729 1234 795 Curculi-

108 861 159 902 one
177 841 243 902 tum
264 838 395 902 tertiam
412 845 552 918 protenta
572 838 710 902 formam
732 841 857 903 testans
878 840 913 903 in
935 839 1065 904 Afranii
1088 861 1126 904 ex
1141 839 1234 924 Epis-

108 949 165 1012 tula
193 969 302 1032 versu,
339 947 428 1012 cuius
459 948 558 1012 verba
589 947 708 1012 leniter
737 948 936 1034 transposita
964 971 1014 1013 me
1032 927 1165 1014 'suasore
1187 949 1234 1014 sic

107 1058 269 1122 dimetiens:
309 1081 328 1110 ι
345 1093 364 1110 υ
391 1061 581 1123 commaticam
605 1065 745 1138 protenta
767 1061 955 1139 dt'arcdimar
976 1062 1061 1126 recta'
1083 1067 1143 1138 via,
1166 1080 1234 1123 non

108 1167 145 1232 sic
163 1168 318 1252 dispescas
341 1190 412 1233 cum
434 1167 613 1234 Ribbeckio
635 1189 705 1232 meo
728 1170 771 1252 (r.
801 1170 889 1254 107):
913 1221 932 1240 ν
955 1173 1142 1235 co'mr'ssatam
1160 1172 1233 1250 prta

107 1285 170 1341 tmts
188 1281 271 1343 rectn'
293 1285 344 1343 via
367 1281 575 1358 Diprc'dr'mur.
631 1277 718 1342 Nam
748 1280 809 1342 etsi
836 1279 1028 1363 dactylicam
1049 1301 1233 1343 mensuram

104 1400 232 1467 protenus
258 1388 406 1452 vocabuli
434 1386 586 1472 dactylici
613 1391 687 1471 post
714 1387 958 1475 Lucretium**)
981 1393 1094 1473 poetae
1120 1411 1231 1473 perpe-

107 1503 223 1562 tuarunt
245 1519 334 1582 sana,
357 1501 467 1562 tamen
486 1497 649 1562 scaenicos
671 1519 872 1582 nequaquam
896 1499 1046 1564 credibile
1068 1503 1117 1563 est
1139 1497 1232 1563 aliter

104 1616 226 1688 proriam
250 1611 347 1693 atque
365 1615 523 1687 protinam
546 1607 716 1672 extulisse:
749 1607 810 1673 1100
833 1612 941 1673 autem
963 1631 1059 1692 qnam
1082 1612 1231 1673 constan·

106 1723 147 1782 ter
166 1719 472 1803 antepaenultirnam
495 1716 657 1802 corripiat,
682 1721 810 1801 praeter
832 1741 973 1802 eaquae
995 1740 1021 1782 s.
1038 1741 1064 1782 s.
1081 1741 1106 1782 s.
1124 1721 1231 1782 cetera
1279 1727 1293 1754 ‘

107 1829 233 1914 exempla
266 1828 348 1893 baec
376 1831 554 1892 testantur:
587 1827 707 1892 Bacch.
730 1827 788 1904 lII,
815 1831 841 1910 1,
866 1830 884 1893 7
908 1829 999 1914 (374)
1020 1831 1071 1892 me'
1089 1835 1231 1893 continua

107 1943 204 2004 canem
220 1947 375 2021 protinam
398 1941 428 2002 in
445 1943 557 2020 pedcs;
579 1937 614 2002 in
630 1938 773 2002 Astraba
796 1937 880 2022 apud
903 1937 1046 2002 Nonium
1067 1960 1137 1992 ιν-
1153 1942 1231 2001 darc

102 2053 215 2128 pc'dr'bas
231 2056 390 2130 practicam
417 2050 484 2112 se'se
506 2052 544 2112 ab
565 2053 612 2112 lus
633 2051 820 2130 reaidnibm3
852 2048 887 2111 in
910 2046 1025 2113 Colace
1047 2047 1161 2112 Naevii
1185 2049 1228 2132 (r.

105 2159 138 2224 35
156 2158 206 2246 R.)
239 2159 326 2244 apud
349 2159 485 2222 eundem
514 2163 573 2222 Vbi
592 2159 670 2240 viar,
705 2159 950 2222 exanimabilr'tcr
971 2164 1083 2222 timidis
1102 2163 1231 2237 pedibas

103 2278 237 2347 normam
260 2273 312 2334 mc'
331 2274 417 2351 dedi3
440 2267 583 2332 Terentii
606 2267 735 2332 Phorm.
759 2267 785 2350 l,
809 2269 840 2350 4,
868 2268 906 2332 13
930 2268 1021 2352 (190)
1044 2279 1135 2348 atquc
1159 2273 1230 2332 hinc

104 2400 142 2442 mc
156 2384 308 2461 protinam
335 2385 504 2445 contccrcm
531 2379 686 2459 alipedes.
742 2377 839 2442 Hunc
871 2378 957 2442 enim
990 2399 1084 2462 quem
1117 2377 1229 2442 ultimo

104 2488 162 2554 loco
189 2491 278 2576 posui
313 2511 440 2554 versum
468 2488 605 2553 dubitari
630 2488 743 2572 nequit
764 2489 842 2572 quin
864 2488 1041 2553 rectissime
1062 2487 1109 2552 ita
1131 2487 1229 2552 Bent-

104 2597 170 2665 leins
189 2600 366 2666 restituerit
387 2599 482 2664 Festo
504 2597 696 2683 Donatoquc
716 2597 866 2680 ducibus,
901 2599 1015 2684 quibus
1037 2620 1125 2664 nunc
1145 2601 1228 2662 teste

104 2717 192 2784 Keilio
227 2719 367 2786 Glraiisii
410 2719 507 2782 codex
551 2717 675 2782 accedit
711 2713 869 2797 protinam·
905 2717 1059 2781 exhibens
1095 2738 1127 2799 p.
1165 2715 1225 2779 211

104 2830 168 2910 (188
188 2831 238 2917 Ρ.)
270 2852 331 2915 pro
365 2851 401 2892 co
434 2828 517 2912 quod
540 2827 734 2912 vulgabatur
749 2835 911 2909 protinas,
944 2826 978 2890 id
999 2824 1082 2910 quod
1106 2846 1170 2888 non
1192 2824 1227 2889 in

104 2935 187 3004 Nonii
217 2943 347 3006 tantum
369 2937 484 3021 libros,
518 2938 630 3002 sedin
653 2936 845 3000 Bambinum
868 2937 946 3000 adeo
968 2934 1227 3018 Vaticanumquo

103 3049 187 3130 ipsius
218 3053 334 3134 poetae
366 3049 512 3132 inrepsit.
567 3046 679 3132 Neque
706 3047 784 3111 illud
807 3068 873 3110 non
897 3044 1109 3128 laudandum,
1143 3045 1227 3127 quod

102 3156 176 3224 Festi
206 3160 393 3225 testimonio
417 3159 589 3242 (epitomae
611 3180 643 3242 p.
667 3157 743 3240 226)
766 3157 928 3221 firmatum
950 3154 1093 3218 ordinem
1117 3153 1226 3218 verbo·

102 3289 161 3332 rum
183 3274 339 3352 prdtinam
371 3272 538 3334 amilcarem
572 3267 736 3331 Bentleius
772 3267 935 3332 revocavit
970 3285 1028 3349 pro
1060 3275 1226 3329 contccrcm

100 3387 250 3465 protinam3
282 3401 361 3444 nam
382 3380 416 3443 in
439 3376 654 3442 Bacchidibus
677 3398 732 3442 cur
753 3399 820 3441 non
841 3379 918 3441 item
936 3378 1091 3456 pro'tr'nam
1112 3383 1229 3442 contult

29 3565 30 3568 Ἴ
101 3489 227 3569 tapetes
247 3490 366 3555 Plauto
387 3488 554 3574 placuerit,
577 3487 628 3552 vel
650 3488 685 3550 in
708 3485 897 3552 Curculione
915 3489 1069 3568 pro'tr'nam
1090 3507 1137 3550 mc
1158 3490 1226 3552 raca

101 3603 168 3672 dedi,
190 3623 303 3666 caussa
327 3599 457 3664 minime
480 3598 566 3683 fugit
588 3619 792 3662 numerorum
814 3597 944 3681 peritos.

174 3711 210 3775 16
231 3715 494 3791 saepiuscule:
518 3711 573 3772 aut
595 3729 633 3771 ex
656 3707 830 3791 deperditis
852 3707 887 3771 in
909 3707 973 3772 fine
996 3707 1132 3773 Oasinae
1153 3727 1226 3789 par-

102 3830 286 3842 Ἦ-

157 3896 180 3964 ⁸)
207 3897 250 3951 Ad
273 3895 392 3951 eandem
415 3893 589 3962 antiquitatis
611 3892 762 3960 rationem,
792 3893 848 3948 alia
865 3892 987 3963 plurima
1005 3892 1035 3946 ut
1051 3907 1124 3944 nunc
1143 3889 1224 3943 omit-

102 3987 160 4051 tam,
186 3991 327 4058 pertinere
345 3989 452 4058 potest,
479 3987 613 4054 siquando
637 3988 778 4044 antedhuc
799 3986 933 4055 scriptum
951 3985 995 4039 eat
1011 3998 1062 4053 pro
1081 3985 1224 4050 nntidhac,

102 4079 127 4131 ut
141 4078 233 4136 Bacch.
252 4081 307 4150 ΠΙ,
331 4085 411 4147 6,10
434 4083 505 4148 (530)
524 4083 560 4146 01,
587 4081 618 4134 ut
640 4078 753 4148 quidem
776 4078 864 4132 visum
887 4081 942 4142 est,
970 4073 1069 4130 Pseud.
1089 4075 1173 4142 11‚a‚
1192 4080 1225 4128 00

103 4171 172 4240 (truh
188 4174 395 4232 itemamedm
412 4173 513 4228 Bacch.
532 4172 565 4240 V,
586 4179 608 4238 1,
626 4181 642 4228 3
659 4175 756 4238 (1089).

157 4267 194 4338 *Ἴ
215 4266 255 4326 cf.
274 4265 429 4325 Lucianum
446 4266 609 4324 Muellerum
627 4265 661 4322 cle
679 4282 709 4320 re
727 4263 844 4320 metrica
861 4263 935 4336 poet.
955 4261 1003 4316 lat.
1022 4277 1050 4334 p.
1068 4265 1118 4314 400
1137 4276 1178 4334 sq.
