3002 5150
412 407 589 457 raosomn
612 407 684 456 11οΝ
707 400 906 454 ALTBRIVS.
1167 391 1229 458 667

97 560 196 625 inille
216 583 326 626 versut
350 567 400 627 Ea
423 569 495 627 uitio
516 567 645 628 uterina
666 569 789 643 sapam
810 567 948 626 emendat
968 581 1064 626 aaran
1103 559 1153 626 De
1167 583 1230 646 quo

97 693 275 756 quamquam
297 672 413 758 duplex
442 673 494 738 via
515 675 607 758 patet
628 672 806 740 iudicandi:
837 672 939 758 possit
961 671 1047 736 enim
1069 671 1229 756 quispiam

95 781 313 868 huncquoque
334 805 460 850 versum
481 783 516 848 in
537 784 779 850 subditiciorum
800 803 933 848 numero
955 781 1089 848 habero:
1118 785 1229 848 tamen

95 893 235 980 quoniam
257 894 298 960 ad
318 895 384 962 tres
405 893 477 960 illos
493 894 751 962 condemnandos
766 915 920 980 magnam
934 893 1000 960 vim
1014 891 1133 959 babere
1149 893 1228 958 enis-

94 1003 266 1070 timavimus
299 1004 398 1070 libros
426 1003 651 1089 Bentleianos‚
685 1010 722 1072 ut
749 1005 910 1071 nobismet
937 1001 999 1090 ipsi
1036 1005 1227 1088 constemus,

94 1114 255 1180 eorundem
270 1115 461 1181 auctoritate
475 1115 562 1182 hunc
576 1115 764 1200 tutabimur,
787 1116 835 1183 ita
848 1119 970 1198 tamen,
993 1117 1030 1179 ut
1044 1135 1110 1179 non
1124 1113 1229 1200 magis

93 1245 219 1289 vacuum
241 1227 467 1311 depravatione
490 1227 598 1316 aliqua
620 1229 771 1293 ducamus
787 1249 883 1312 quam
905 1226 1042 1290 altanum
1063 1224 1153 1290 illum
1174 1224 1228 1309 qui

94 1339 249 1422 comparet
279 1337 314 1403 in
349 1337 509 1404 codicibus
537 1336 675 1406 Bentlei.
742 1337 888 1426 Namque
921 1335 968 1404 sio
997 1335 1121 1403 exstitit
1153 1334 1226 1400 olim

97 1446 260 1534 scriptum,
283 1451 320 1514 ut
341 1447 487 1534 equidem
509 1447 663 1516 arbitror:

236 1589 282 1648 Ex
303 1591 380 1651 vltio
404 1591 503 1650 alius
525 1592 646 1666 stpicns
667 1593 806 1651 emendat
828 1611 926 1650 suum.

91 1717 282 1784 Indicativus
304 1719 391 1784 enim
413 1728 551 1787 mandat
574 1743 647 1828 eum
669 1722 709 1786 ab
730 1721 902 1786 memoriae
924 1720 986 1784 fide
1003 1719 1229 1808 praestabilior

91 1828 288 1894 coniunctivo
310 1833 369 1915 111,
392 1833 447 1916 qui
470 1831 555 1917 apud
582 1854 684 1896 unum
705 1831 876 1897 Erasmum
902 1829 1038 1916 legitur,
1067 1831 1136 1892 tum
1158 1849 1229 1892 sen·

90 1939 206 2004 tentiae
232 1940 393 2025 gravitate
428 1943 677 2007 commendatur.
733 1943 795 2007 Est
827 1944 935 2006 autem
967 1938 1022 2005 ille
1055 1937 1229 2004 versiculus
1246 1963 1280 2012 20

90 2049 194 2114 codem
215 2051 454 2136 depravationis
476 2073 594 2138 genere
610 2053 753 2136 affectus,
777 2073 839 2138 quo
854 2051 952 2116 alium
968 2049 1127 2134 quendam
1148 2048 1228 2113 eius·

89 2157 154 2223 dem
186 2164 301 2246 poetae
336 2162 421 2246 apud
449 2161 605 2228 Senecam
632 2163 736 2248 Epist.
766 2161 887 2244 xv,2
916 2161 986 2248 (94)
1017 2163 1037 2241 ξ
1063 2159 1106 2224 43
1138 2155 1227 2246 [item

88 2269 166 2353 apud
190 2269 396 2336 Lactanlium
421 2271 502 2336 Inst.
526 2273 588 2338 div.
612 2273 643 2357 Ι,
671 2273 719 2357 16,
746 2273 799 2338 10:
828 2272 863 2338 in
891 2269 1062 2338 Ribbeckii
1091 2267 1229 2336 Cornicis

88 2399 117 2462 p.
141 2381 202 2446 110
223 2384 257 2446 11
277 2379 371 2466 2611:

234 2522 283 2582 Ab
307 2522 383 2584 tlio
406 2526 575 2599 exspectes,
595 2526 682 2584 111111
706 2526 786 2602 quod
809 2525 933 2598 ftcoris,

88 2655 304 2736 corruperunt,
328 2655 393 2738 qui,
418 2655 501 2740 quod
523 2655 555 2720 in
573 2656 764 2742 quibusdam
779 2655 1014 2741 exemplaribus
1036 2654 1163 2738 legitur,
1187 2657 1225 2718 ab

87 2767 179 2827 allero
197 2801 246 2846 -‚
270 2769 461 2850 receperunt
482 2765 527 2830 sic
551 2767 756 2833 conciliatum
778 2788 850 2831 oum
872 2777 1015 2847 exspecta
1039 2762 1227 2848 imperativo

86 2877 206 2939 suomet
221 2873 355 2939 arbitrio
370 2875 511 2940 invecto:
535 2881 579 2940 Ab
594 2881 691 2943 dltero
712 2888 866 2957 exspecta,
891 2879 983 2942 rideri
994 2878 1077 2955 quod
1094 2874 1226 2950 fe'cerr'a:

84 2980 115 3044 id
136 2983 221 3067 quod
243 3005 357 3069 parum
380 2985 578 3054 considerate
601 2985 735 3055 Bothius
757 2985 910 3053 instituit.
918 2985 950 3073 *)

166 3663 198 3679 ..
217 3663 224 3677 .
240 3663 247 3678 .
265 3613 424 3699 Obgleich
445 3615 480 3679 in
495 3615 719 3682 Einzelheiten
742 3613 942 3698 ebrzugehen
964 3612 1034 3678 hier
1056 3611 1149 3678 nieht
1171 3611 1226 3676 der
1244 3623 1294 3676 441

84 3721 143 3790 Ort
157 3725 233 3790 sein
255 3723 355 3809 kann,
379 3725 473 3792 sotei
490 3747 523 3791 es
539 3724 620 3791 doeh
636 3725 707 3790 dem
722 3724 795 3790 Ital.
812 3726 969 3810 gestattet
990 3723 1085 3789 e'inen
1107 3721 1227 3788 sowolrl

145 3981 171 4047 ‘)
191 3977 293 4032 ‘Obliti
311 3995 404 4034 sumus
422 3978 595 4034 Prisciani
613 3977 749 4034 vorbaVI
761 3995 788 4047 p.
802 3982 852 4032 691
864 3977 907 4032 P.:
926 3977 974 4031 «11
991 3975 1132 4031 sciendum
1151 3975 1227 4046 quod

80 4051 107 4124 iis
125 4074 172 4130 ius
190 4071 405 4127 terminantium
422 4073 566 4142 genetivum
583 4070 713 4143 producit
730 4070 929 4142 paenultimam
949 4113 996 4124 ...
1018 4071 1135 4138 excepto
1154 4072 1228 4130 alter

81 4166 222 4224 allerias»
244 4164 274 4220 in
297 4181 359 4220 cam
381 4167 492 4236 partem
514 4164 704 4235 interpretari,
729 4167 759 4218 ut
776 4181 842 4218 suae
860 4164 962 4218 aetatis
979 4181 1096 4234 pravam
1114 4179 1228 4219 eonsue-

81 4257 209 4314 tudinem
222 4259 418 4314 commendare
431 4257 645 4328 grammaticum
658 4264 850 4312 censeremus’
862 4285 895 4295 -
910 4257 1125 4328 [ExAddcndlr
1134 4277 1163 4328 p.
1170 4259 1226 4334 11]

145 4355 189 4420 **)
210 4351 282 4423 [Ans
301 4349 351 4406 der
369 4351 550 4419 (Hallisohen)
574 4351 646 4420 Allg.
665 4350 843 4418 Lit'heitung
866 4354 931 4404 183³
953 4349 1022 4404 Nor.
1046 4367 1073 4420 p.
1091 4357 1228 4414 tlt-450

82 4444 214 4514 (Anzeigc
232 4460 288 4499 von
308 4445 379 4500 (1.1.
398 4443 489 4500 Vossii
507 4443 683 4498 Aristarchus
701 4443 744 4498 ed.
763 4445 793 4498 G.
812 4443 936 4498 Fdrlaoh.
967 4443 1035 4498 Pars
1056 4445 1097 4520 lp]
