2996 5148
464 358 597 406 mmms
620 358 797 408 eneruem.
825 345 833 354 '
1137 347 1199 410 411

83 509 160 594 vulgo
188 531 253 574 nou
288 510 453 596 cognitum
486 533 525 576 ex
559 509 649 576 libris
682 512 865 578 omnibus
899 466 1032 580 restitue
1061 514 1130 580 Mil.
1161 515 1205 598 Π,

83 620 111 700 2,
135 619 185 686 571

206 765 278 840 quoi
299 761 364 820 bini
385 761 522 822 custddes
546 781 662 838 semper
687 765 759 823 tdtis
780 765 864 824 horis
886 766 1050 826 decubant:

72 894 171 977 ¹tamea
195 913 260 956 non
287 891 413 956 videtur
438 893 556 958 rationi
587 897 838 960 consentaneum
860 895 951 980 illud,
981 899 1026 980 ut,
1051 895 1105 981 qui
1128 918 1206 962 sane

82 1003 219 1088 ceteroqui
246 1001 444 1086 obhaeserit)
473 1001 651 1069 obhaerens
679 1007 785 1069 eustos
820 1027 857 1069 eo
889 1009 1033 1090 tempore
1068 1006 1204 1088 dicatur,

81 1135 130 1197 qno
148 1135 344 1198 nequaquam
372 1113 551 1178 accubabat
579 1115 756 1198 custoditis,
786 1115 840 1179 sed
864 1115 1098 1201 aliquantisper
1119 1117 1207 1198 dere-

81 1221 142 1286 licta
167 1223 309 1288 custodia
336 1223 371 1288 in
394 1224 517 1288 vicinas
545 1225 672 1310 tegulas
694 1226 891 1310 exspatiatus
915 1229 984 1291 erat
1006 1227 1118 1291 simiae
1140 1249 1206 1292 sec·

79 1334 176 1398 landae
202 1355 333 1417 caussa,
364 1355 421 1418 per
450 1356 581 1420 eamque
610 1335 714 1420 ipsam
741 1335 948 1402 occasionem·
969 1337 1151 1402 osculantes
1175 1340 1208 1402 et

81 1443 282 1528 amplexantes
304 1443 573 1510 Philocomasium
596 1449 628 1510 et
650 1445 809 1531 hospitem
831 1446 975 1510 viderat:
1007 1447 1048 1512 ef.
1072 1445 1139 1510 Mil.
1162 1446 1205 1522 11,
1264 1456 1267 1464 ’

80 1553 168 1634 219.
194 1555 247 1619 22.
277 1554 370 1638 11,3
400 1555 471 1620 init.
497 1557 547 1620 13.
574 1557 613 1620 16
635 1579 681 1641 sq.
726 1556 838 1641 Itaque
867 1578 933 1621 nou
956 1562 1123 1622 edisserens
1154 1579 1208 1641 po-

78 1663 129 1726 lius
148 1687 239 1750 quam
263 1671 450 1730 oberrans
471 1665 551 1730 illud
572 1667 662 1731 vidit.
714 1665 860 1732 Ceterum
897 1687 962 1731 non
996 1670 1045 1730 est
1079 1667 1207 1731 silentio

79 1775 381 1856 praetermittendum
412 1777 446 1840 in
475 1775 613 1842 Etrusco
647 1777 755 1841 codice
785 1777 863 1840 duas
885 1777 1015 1842 litteras
1050 1780 1207 1842 exuemus

77 1887 248 1952 scismatis
271 1886 448 1971 scripturae
470 1909 487 1952 e
512 1891 693 1952 correct-ura
715 1909 793 1952 esse.
817 1925 860 1937 —-
882 1885 1003 1951 Eodem
1016 1891 1124 1952 autem
1147 1889 1207 1952 Ar·

76 1997 201 2076 gement-i
222 2017 320 2060 versu
350 1996 434 2082 quod
456 2017 494 2060 ex
527 2019 591 2061 uno
612 1997 788 2062 Decurtato
811 1997 1049 2080 suscipiendum
1071 1996 1207 2062 Bothius

73 2103 212 2171 intellexit
234 2113 328 2190 videi,
353 2106 482 2172 exhibet
506 2108 603 2171 etiam
625 2109 737 2172 Vetus.
782 2107 958 2193 Repugnat
979 2107 1202 2174 Paenultimus
1221 2124 1258 2174 111

72 2215 129 2297 pari
153 2216 302 2282 inscitiae
329 2217 548 2302 neglegentia,
578 2219 632 2302 qui
654 2219 865 2304 praeteritum
886 2223 1012 2302 tempus
1035 2219 1204 2284 offensioni

72 2323 153 2390 lusae
174 2326 294 2392 Bothio
316 2327 419 2392 dieat:
443 2349 537 2412 quem
560 2329 629 2394 sola
650 2329 751 2393 movit
772 2350 977 2394 numeromm
1000 2329 1093 2394 ratio.
1123 2327 1205 2392 Tam

71 2435 141 2500 enim
154 2437 376 2524 importunum
391 2437 447 2502 illo
462 2437 590 2522 quidem
611 2438 681 2503 loco
704 2439 915 2524 spondiaeum
929 2438 1121 2503 vocabulum
1144 2443 1203 2522 est,

71 2547 98 2608 ut
116 2569 187 2612 sano
209 2547 359 2632 exemplo
380 2548 468 2614 nullo
491 2549 692 2614 defendatur.

137 2658 228 2725 Nono
267 2681 390 2745 quoqne
412 2681 505 2724 versu
527 2681 647 2743 vermn,
677 2681 872 2744 quamquam
894 2659 1107 2744 dubitantius,
1144 2658 1205 2724 Bo-

69 2765 140 2832 thius
166 2771 248 2834 vidit
283 2791 340 2853 pro
365 2777 514 2836 ridiculas
543 2770 769 2834 commendans
799 2775 954 2853 ridiculis,
985 2771 1067 2854 quod
1100 2769 1205 2852 ipsum

67 2877 222 2961 ignorabat
244 2881 286 2944 in
307 2883 440 2965 utroque
454 2879 605 2945 Palatino
628 2902 698 2944 esse
721 2882 862 2965 itemque
885 2881 919 2943 in
934 2879 1072 2944 Etrusco
1094 2881 1204 2942 nostro

67 2989 194 3072 aprima
215 3012 331 3056 manu.
360 2991 494 3055 Prorsus
511 2989 663 3055 abhorret
685 2991 873 3056 aPlautina
897 2993 981 3054 certe
997 2988 1203 3073 simplicitate

66 3097 126 3163 talia
153 3100 353 3167 constructio
380 3108 528 3167 ridiculus
550 3107 687 3166 iudice:
716 3101 905 3186 praesertim
937 3120 1009 3163 cum
1042 3119 1101 3163 usu
1125 3099 1204 3162 satis
1331 3151 1337 3162 .

68 3213 211 3276 constanti
234 3217 387 3277 ridiculas
401 3211 516 3276 Plauto
538 3233 605 3275 non
627 3212 670 3275 sit
691 3212 719 3276 is
742 3214 797 3296 qui
819 3211 919 3274 risum
944 3212 1051 3273 movet
1070 3208 1202 3293 invitus,

67 3320 110 3381 sed
131 3311 181 3405 qiu
204 3323 287 3386 iocis
311 3325 343 3386 et
364 3321 491 3386 facetiis
513 3322 613 3386 risum
642 3322 750 3386 dedita
772 3343 870 3406 opera
893 3321 1019 3403 captat:
1044 3321 1085 3385 cl.
1109 3319 1203 3404 Capt.

66 3425 118 3512 lII,
142 3435 175 3516 l,
200 3433 251 3497 10.
288 3432 338 3496 17.
368 3431 454 3496 Men.
478 3431 527 3514 Π,
550 3433 587 3515 2,
611 3433 663 3496 43.
693 3429 797 3497 Stichi
818 3432 845 3515 I,
870 3433 901 3515 3,
928 3431 976 3495 17.
1000 3431 1052 3496 21.
1075 3431 1127 3496 23.
1151 3431 1203 3495 64.

68 3534 107 3620 ll,
127 3541 161 3624 2,
183 3543 237 3607 58.
263 3542 318 3606 64.
341 3540 404 3625 IV,
436 3545 472 3623 2,
495 3541 546 3606 54.
594 3541 768 3626 Comparat
790 3541 925 3606 Bothius
947 3541 1077 3606 fabulae
1098 3541 1147 3624 ΙΙ,
1175 3544 1203 3622 1,

65 3647 111 3713 tt:
136 3659 164 3716 ei
188 3675 245 3718 nos
277 3655 424 3728 facetis
452 3656 624 3728 falaricis
656 3665 684 3716 ei
717 3658 815 3716 deciis
841 3656 919 3716 dolis
943 3653 1138 3731 plaucomam
1167 3656 1203 3715 ot

65 3768 153 3827 cemos
173 3769 354 3829 obiciemus:
380 3783 446 3826 non
470 3761 625 3848 cogitavit
647 3762 685 3825 de
709 3759 813 3826 Stichi
835 3760 895 3844 ΠΙ,
919 3762 950 3846 2,
974 3763 1009 3826 21

574 3906 637 3962 tiam
660 3902 787 3976 confido,
813 3905 904 3978 quiam
927 3905 1039 3977 potest,

213 4007 265 4048 me
288 4006 389 4046 meum
411 3988 606 4064 optenturum
628 3992 730 4066 regem
752 3987 888 4048 ridiculis
910 3984 1036 4063 meis:*)

101 4121 252 4134 ---—-

118 4203 141 4271 *l
170 4204 274 4274 [Immo
298 4219 391 4262 meum
412 4220 455 4260 mc
474 4205 656 4272 optenturum
673 4201 913 4273 transponendum
936 4216 1007 4265 esse,
1030 4199 1083 4253 nini
1101 4198 1149 4267 qui
1166 4199 1203 4256 ad

62 4295 201 4352 netromm
219 4295 395 4366 elegantiam
414 4295 696 4365 consuetudinemque
720 4294 879 4351 Plautinum
902 4309 1016 4363 prorrru
1034 4292 1203 4364 occalluerit,

63 4382 126 4441 haud
142 4390 310 4445 cunctanter
329 4388 505 4445 concesserit.
525 4419 559 4429 -
577 4387 707 4450 Ceterum
725 4387 754 4446 in
772 4388 832 4457 ipso
853 4385 927 4462 quod
940 4388 1095 4444 tractamus
1108 4381 1204 4440 Militis
