3002 5146
282 337 346 402 230
621 347 1078 442 euossnmvulrnnvrrnvn.

283 505 366 569 Item
393 502 647 568 recentissimum
677 501 874 584 eundemque
900 501 1136 583 ineptissimum
1166 523 1237 565 cum
1259 503 1292 566 in
1313 502 1405 566 Plauti

284 617 356 678 octo
377 613 503 676 fabulas
526 612 648 696 priores
669 613 738 674 tum
760 611 795 674 in
816 610 963 674 Persium
985 613 1261 694 commentarium,
1284 614 1348 676 sinc
1366 613 1407 697 ip

285 745 392 788 sorum
413 722 518 786 verbis
540 724 717 805 poctarum,
740 724 848 784 servet
864 719 1043 784 Vaticanus
1057 721 1225 785 Palatinus
1240 723 1320 786 2711
1335 745 1407 786 socc.

285 832 346 898 XV
374 833 423 918 (in
445 854 507 916 quo
530 829 697 894 Aulularia
718 829 862 914 sequitur
883 829 1133 917 Curculionem).

370 942 498 1008 Scholia
524 941 641 1005 rectius
674 963 769 1024 quam
797 941 1060 1004 commentarium
1093 941 1211 1006 dixeris
1244 963 1324 1026 quse
1349 946 1412 1007 octo

285 1054 349 1118 illis
370 1051 489 1116 fabulis
510 1052 545 1114 in
566 1050 768 1135 marginibus
791 1050 953 1134 adscripta
967 1053 1058 1114 tenet
1073 1052 1171 1116 codex
1186 1052 1267 1118 (loll.
1283 1052 1371 1117 Rom.
1386 1055 1412 1116 4.

286 1163 321 1229 0.
343 1163 384 1226 41
420 1162 521 1225 chnut.
550 1161 672 1224 formae
699 1182 795 1242 max„
829 1160 914 1224 unde
946 1160 1103 1224 nonnulle
1133 1162 1297 1228 Antonius
1324 1162 1414 1227 Beue-

287 1273 391 1338 dictus
414 1271 572 1354 excerpsit
593 1271 627 1334 in
651 1269 790 1334 editione
805 1269 992 1333 Aulularise
1007 1293 1036 1333 s.
1055 1272 1138 1336 1754
1151 1270 1275 1336 Romae
1298 1273 1416 1355 emisse3

286 1383 337 1446 vel
359 1403 440 1465 quee
462 1380 581 1444 eisdem
602 1380 731 1462 fabulis,
756 1401 828 1443 cum
849 1401 935 1442 nous
949 1379 1177 1464 Menaechmis,
1201 1381 1344 1447 Vrbines
1363 1383 1417 1448 655

287 1492 421 1556 membr.
444 1511 527 1555 seeo.
544 1489 605 1554 XV
627 1489 650 1553 f.
674 1512 758 1553 mex.
781 1489 837 1553 fol.
864 1489 934 1572 132,
970 1491 1116 1573 profecte
1137 1513 1175 1555 ea
1198 1493 1240 1556 ab
1264 1493 1418 1556 Mutinens

287 1601 433 1666 homine:
455 1600 573 1684 quippe
597 1608 667 1664 ‘nos
688 1607 882 1664 mutinenses’
905 1599 985 1663 dicit
1006 1600 1139 1683 alicubi3
1167 1601 1218 1664 vel
1246 1625 1329 1686 quse
1354 1603 1419 1666 duo-

288 1711 391 1776 decim
413 1710 643 1795 posterioribus
665 1710 700 1773 in
723 1709 866 1774 Mediceo
889 1708 1046 1793 XXXVI,
1080 1709 1138 1775 46:
1158 1711 1237 1775 ‘alia
1260 1712 1333 1776 aliis
1354 1713 1420 1776 ieiu-

289 1823 390 1886 niore.
403 1859 444 1870 -
461 1820 492 1883 A
515 1820 815 1892 commentariorum
836 1819 984 1883 ubertate
1011 1842 1069 1903 per
1090 1821 1214 1885 veriam
1238 1821 1419 1886 scholiorum

289 1931 542 1996 mediocritatem
565 1930 786 1994 descendimus
808 1928 848 1992 ad
870 1928 1049 2013 glossarum
1072 1932 1165 2014 (quus
1187 1931 1318 2016 quidem
1339 1931 1421 1995 hodie

258 2042 422 2124 vvocsnt)
446 2040 542 2104 etiam
566 2039 729 2104 exiliorem
751 2039 942 2102 brevitatem
949 2089 959 2121 ‚
982 2040 1088 2104 verbis
1110 2039 1275 2104 Plautinis
1297 2042 1333 2106 in
1355 2041 1422 2105 mul-

290 2149 333 2213 tis
362 2150 523 2214 codicibus
550 2150 730 2234 promiscue
760 2149 983 2232 adspersemm
1011 2171 1083 2212 eum
1105 2149 1141 2212 in
1163 2151 1312 2235 modum,
1345 2150 1424 2216 euius

292 2259 436 2344 exemplo
458 2259 627 2323 Terentius
657 2281 725 2323 esse
753 2258 905 2322 Helensis
933 2261 1041 2342 potest
1063 2281 1082 2323 s
1104 2258 1245 2324 Brunsio
1273 2263 1360 2346 typis
1380 2283 1424 2324 ex-

291 2369 388 2434 scribi
422 2370 527 2434 iussus
559 2369 739 2433 litterarum
772 2369 899 2452 quidem
933 2368 1096 2433 oommodo
1127 2369 1227 2434 nullo.
1281 2371 1425 2436 Eminent

291 2479 377 2543 inter
399 2501 452 2543 eos
475 2469 597 2544 codices
621 2478 788 2543 Palatinus
813 2478 893 2542 1618
917 2480 949 2541 et
970 2481 1099 2562 praeter
1121 2483 1244 2544 ceteros
1267 2480 1425 2544 Palatinus

294 2590 391 2672 1614,
420 2588 474 2673 qui
501 2588 602 2652 Pereo
629 2591 706 2652 sunt
727 2588 795 2652 Pel.
818 2587 866 2651 IV
894 2591 927 2652 et
949 2587 1014 2672 111,
1037 2609 1097 2651 nec
1119 2588 1298 2674 diligenter
1319 2591 1360 2654 ab
1380 2589 1426 2652 illo

293 2720 353 2762 nec
374 2698 469 2782 plene
492 2698 671 2798 excussi*):
694 2698 727 2761 id
748 2697 831 2782 quod
854 2719 896 2761 ne
917 2697 1087 2762 dolendum
1109 2699 1250 2782 quidem.

364 2857 495 2864 ....-.——..

294 2961 336 3012 est
355 2961 449 3012 tomen
466 2955 542 3022 qnod
558 2955 649 3008 omnis
667 2953 793 3008 comedia
811 2955 841 3008 iu
859 2954 980 3020 quinque
998 2956 1126 3010 actiones
1138 2955 1283 3012 diuiditur
1302 2959 1333 3012 id
1348 2964 1389 3013 est
1404 2957 1429 3010 in

294 3052 416 3117 quinque
436 3053 544 3115 partes.
592 3046 748 3102 Voluerunt
770 3048 844 3101 enim
863 3052 965 3112 poetae
987 3049 1062 3102 sicut
1089 3049 1120 3102 tn
1145 3051 1245 3104 metris
1274 3067 1429 3106 mensurna

294 3143 397 3198 babent
421 3144 460 3196 ite
483 3147 510 3197 et
532 3143 562 3195 in
586 3141 706 3194 materie
734 3140 845 3194 modum
869 3139 1034 3196 obseruare.
1077 3139 1148 3196 Vide
1172 3158 1271 3198 omnes
1295 3149 1393 3210 poetes
1409 3149 1431 3197 ct

296 3237 425 3290 inuenies
441 3249 495 3300 per
513 3233 647 3300 aequales
665 3234 862 3288 distinctiones
878 3238 906 3287 et
923 3233 1085 3288 moderatas
1104 3249 1203 3288 cerum
1220 3235 1312 3290 libros
1330 3252 1430 3302 compo-

296 3329 366 3382 sitos
390 3332 417 3380 et
439 3327 636 3382 distinctiones
657 3326 723 3393 sere
746 3326 873 3382 eiusdem
896 3340 1188 3400 memorasses,
1211 3324 1360 3394 aliquanto
1376 3325 1433 3396 post

298 3417 391 3470 sutem
417 3416 477 3484 ipse
501 3417 733 3470 commemoretur
755 3417 889 3470 Donatus.
930 3415 993 3468 Non
1020 3415 1114 3470 hercle
1140 3417 1230 3470 maior
1254 3417 1320 3474 leus
1346 3435 1431 3474 eonm

298 3525 369 3575 quse
388 3507 422 3562 de
441 3512 561 3574 nominc,
581 3513 637 3565 vita
656 3518 682 3566 et
700 3513 830 3566 doctrino
849 3511 947 3566 Plauti
962 3515 1061 3577 poetae
1079 3509 1228 3562 truduntur
1245 3511 1265 3567 f.
1286 3515 1329 3578 86,
1347 3529 1362 3566 e
1380 3509 1432 3579 qui-

298 3602 350 3654 bus
369 3598 526 3670 speciminis
544 3617 641 3655 causes
657 3601 799 3656 tralaticia
815 3601 885 3656 heco
903 3601 1101 3670 excerpsimus:
1121 3645 1126 3655 .
1143 3619 1224 3660 ..ex
1242 3607 1358 3661 umbria
1373 3623 1433 3673 pro-

299 3698 394 3752 uincia
412 3709 484 3764 quoe
502 3701 546 3749 est
562 3697 641 3750 circa
659 3697 791 3752 urbinum
813 3712 852 3751 ee
870 3698 985 3752 ciuitate
1003 3713 1075 3763 quae
1093 3697 1199 3752 dicitur
1221 3702 1373 3754 sursinum

298 3832 305 3846 .
324 3790 531 3845 dedendine
554 3796 647 3844 eutem
668 3793 730 3846 eius
748 3791 816 3845 dicit
834 3790 994 3865 macrobius
1012 3791 1103 3845 etium.
1122 3792 1218 3856 primo
1241 3794 1435 3848 animaduerto

298 3883 370 3939 duos
388 3898 457 3950 quos
476 3882 719 3948 eloquentissimos
737 3885 853 3950 antiqua
872 3889 953 3937 actas
967 3882 1089 3949 protulit
1101 3881 1242 3937 Comicnm
1259 3884 1396 3940 Plautum
1411 3889 1435 3938 et

300 3977 449 4033 Oratorem
475 3974 586 4030 Tatium
612 3991 661 4031 eos
684 3977 779 4032 ambos
802 3979 885 4030 etiam
909 3976 947 4030 od
967 3973 1100 4030 locorum
1127 3981 1309 4032 uenustutern
1339 3979 1435 4034 ceteris

297 4071 478 4136 praestitisse
491 4083 516 4121 e.
529 4084 556 4134 q.
570 4084 591 4120 s.
612 4098 643 4104 —
662 4065 792 4120 Ceterum
810 4065 897 4120 codex
915 4067 958 4120 cst
975 4065 1077 4119 saeculi
1089 4063 1148 4130 XV,
1167 4065 1275 4120 formae
1295 4067 1435 4125 maximae,

300 4159 428 4214 soliorum
450 4165 505 4224 138,
522 4159 598 4227 ipsas
617 4159 725 4212 subulae
742 4159 843 4228 postue
861 4158 1090 4213 non‘coutinens:
1112 4157 1237 4227 pertinet
1254 4161 1353 4214 sutem
1371 4176 1435 4213 com·

301 4251 451 4304 monterius
469 4251 505 4304 sb
524 4249 726 4318 Amphitruone
745 4252 781 4305 ed
799 4251 953 4320 Epidicmu.

368 4344 392 4410 *1
422 4342 525 4396 Parcus
548 4360 609 4397 cum
632 4343 746 4412 praeter
764 4343 895 4397 Veterem
919 4344 987 4412 (Pul,
1013 4342 1087 4409 1615)
1111 4343 1140 4396 et
1161 4341 1349 4398 Deourtutum
1371 4343 1435 4412 (Pul
