3002 5146
409 379 602 432 zuscuamn
624 383 671 430 as
693 381 895 432 eomssmn
917 383 1097 434 asaneus.
1266 373 1326 440 195

191 551 212 600 5
266 539 403 612 Quonim
426 560 480 601 nos
501 542 633 620 negatiis
655 543 829 618 absentum,
852 546 894 604 ita
917 551 951 604 ut
973 551 1018 604 est
1040 551 1183 622 aequom,

267 627 437 700 Sollicitas,
462 629 560 700 sorar,
582 629 681 687 noetis
704 633 734 687 et
757 630 819 688 dies
842 650 945 690 sumus
967 636 1094 707 semper.

264 713 413 770 Nostrum
435 713 568 771 ‹iffieium
594 715 650 772 nes
673 714 768 772 faeere
790 717 961 809 aequumst,
995 736 1092 792 neque
1120 717 1151 775 id
1173 737 1260 794 mage
1281 719 1324 776 si·

793 818 903 870 cimus,

266 879 364 950 Quam
386 886 484 957 pietas
506 886 610 940 mouet
631 900 696 942 nos.
741 883 800 942 Sed
823 885 888 956 hie,
911 903 1010 957 soror,
1033 887 1196 945 assisdumt

264 965 345 1025 Vola
367 968 464 1026 multa
485 971 585 1025 tecum
607 967 691 1043 loqui
715 969 751 1026 de
773 969 872 1027 virum
893 988 934 1027 re.

269 1051 374 1110 Salvia
397 1055 468 1110 sunt
490 1051 620 1110 amabo?
663 1051 758 1127 Spero
782 1054 921 1128 equidem
943 1059 974 1112 et
995 1055 1074 1114 volti.
1119 1055 1178 1114 Sed

264 1135 333 1194 Hoc
354 1137 470 1194 crucior
491 1140 609 1212 patrem
631 1141 717 1195 tuum
739 1157 899 1214 meumque
921 1139 1011 1210 adeo,
1035 1140 1121 1198 unice
1144 1141 1196 1214 qui

264 1219 352 1278 Vnus
374 1221 490 1280 civibus
513 1226 547 1279 ex
571 1222 710 1283 omnibus
732 1224 846 1296 probus
869 1223 1057 1297 perhibetur,

264 1306 344 1364 Eum
366 1308 446 1364 nime
468 1305 615 1380 improbi,
638 1324 737 1378 soror,
760 1307 859 1365 officio
880 1307 938 1366 viri
961 1309 1021 1366 uti:

384 1391 572 1449 Absentibus
596 1392 770 1466 quitantia

266 1474 349 1534 Viris
371 1477 483 1534 nestris
504 1475 629 1534 iniurias
652 1476 725 1534 facit
747 1477 911 1550 immerito,

263 1560 389 1636 Nosque
412 1561 558 1619 abducere
581 1560 618 1618 ab
640 1563 667 1618 is
689 1561 763 1619 volt.
807 1561 889 1620 Haec
911 1565 957 1620 res
980 1563 1060 1621 vitae
1081 1567 1129 1620 me
1151 1582 1248 1636 meae,

265 1645 372 1717 Sar6r,
396 1647 549 1718 saturant,
572 1645 646 1704 haee
667 1645 741 1703 mihi
764 1646 895 1704 dividiae
918 1651 948 1704 et
970 1648 1053 1706 senii
1075 1655 1156 1706 suut.

263 1729 311 1787 Ne
333 1731 480 1803 laemma,
503 1731 602 1800 sotir,
625 1749 683 1788 neu
706 1734 740 1787 tu
762 1731 794 1788 id
817 1731 916 1788 animo
940 1732 992 1789 tue
1015 1732 1077 1804 fac,

266 1811 355 1882 Quod
376 1815 435 1873 tibi
456 1819 528 1873 tuus
550 1817 638 1889 pater
659 1816 755 1873 facere
779 1810 869 1892 [nune
890 1813 972 1894 mali]
995 1817 1137 1874 minitur.

163 1913 171 1928 ·
268 1898 343 1974 Spes
367 1903 413 1958 est
434 1900 540 1958 melius
562 1899 714 1958 faetumm
736 1902 818 1957 eum:
846 1901 918 1959 novi
940 1919 996 1976 ego
1019 1901 1120 1959 illum:

264 1983 363 2042 Istaec
384 1985 483 2042 ioeulo
507 1983 595 2042 dieii:
617 2003 716 2060 neque
737 1985 789 2042 ille
811 1985 870 2043 sibi
892 1988 1005 2043 mereat

262 2067 424 2128 Persarum
445 2071 572 2141 montis,
596 2069 648 2144 qui
671 2069 752 2126 aurei
775 2073 838 2128 esse
859 2069 1070 2144 perhibentur,

262 2152 307 2210 Vi
328 2153 408 2212 istuc
429 2153 534 2224 faeiat,
559 2153 641 2229 quid
663 2157 697 2211 tu
719 2157 838 2213 metuis.
883 2153 995 2212 Tamen
1017 2155 1042 2212 si
1065 2155 1170 2226 faciat,

264 2237 400 2296 minume
423 2239 507 2296 decet
528 2239 631 2298 irasci:
653 2257 751 2314 neque
773 2240 804 2296 id
826 2240 976 2298 immerito
999 2239 1126 2298 eveniet.
1339 2257 1388 2306 757

163 2331 203 2351 ·'
264 2321 344 2381 Nam
367 2323 463 2381 nestri
484 2327 520 2380 ut
542 2323 631 2380 domo
654 2323 807 2395 abierunt,
830 2323 879 2382 hic
900 2323 1008 2382 tertius
1031 2326 1151 2382 innuet.

264 2407 313 2465 lta
335 2410 371 2465 ut
392 2425 548 2466 memoras.
592 2405 690 2476 Quom
713 2408 771 2482 ipsi
793 2409 907 2466 interea
929 2410 1049 2480 vivant,
1072 2409 1208 2479 vileant,

262 2491 326 2550 Vbi
349 2496 424 2564 sint,
449 2492 522 2568 quid
545 2497 653 2568 agant,
678 2492 785 2568 ecquid
808 2497 914 2568 agant,
936 2497 991 2551 nee
1013 2493 1289 2568 participantum,

261 2577 328 2634 Nee
349 2578 485 2635 redeunt.
529 2577 594 2649 An,
617 2577 715 2648 seror,
737 2577 768 2634 id
791 2577 888 2650 doles,
913 2578 984 2652 quia
1006 2577 1051 2635 illi
1074 2577 1205 2635 officium

262 2661 361 2720 Suum
382 2681 443 2720 nou
465 2663 582 2732 collini,
606 2681 697 2738 quom
720 2665 807 2719 tuum
829 2665 862 2720 iu
885 2662 980 2720 facis?
1015 2658 1071 2719 'Ita
1092 2662 1153 2736 pol.

160 2753 207 2804 30
266 2745 346 2804 Tace
368 2749 425 2805 sis:
449 2764 519 2805 eave
541 2746 582 2805 sis
605 2747 726 2805 audiam
749 2765 804 2822 ego
827 2747 905 2806 istuc
927 2747 1052 2821 posthac
1075 2750 1172 2804 exte.

261 2831 344 2889 Nam
367 2831 441 2906 quid
464 2830 545 2889 iam?
574 2829 652 2900 Quia
675 2831 797 2905 edepol,
820 2832 918 2902 sorar,
941 2849 1007 2889 meo
1030 2831 1129 2889 animo
1152 2829 1248 2888 (imnis

261 2915 417 2991 Sapientis
440 2935 526 2975 suum
548 2916 681 2974 efficium
704 2916 860 2991 aequdmst
883 2917 977 2974 colere
1000 2919 1031 2973 et
1052 2917 1157 2972 faeere.

260 2999 481 3074 Quamobrem,
504 3019 602 3074 soror,
626 3021 682 3077 ego
705 3000 760 3058 hee
782 3004 827 3073 te,
851 3001 971 3058 tametsi
995 3004 1026 3058 es
1048 2999 1157 3068 maior,
1180 2998 1297 3070 mineo,

258 3085 304 3144 Vt
327 3089 416 3143 tuum
439 3086 606 3144 memineris
627 3085 775 3144 efficium:
799 3086 856 3144 etsi
878 3085 923 3142 illi
945 3083 1075 3158 improbi
1097 3083 1172 3153 siut,

154 3181 198 3233 35
259 3173 368 3246 Atque
390 3172 479 3229 aliter
499 3189 554 3229 nos
576 3171 704 3242 faciant,
728 3189 818 3244 quam
840 3173 886 3228 est
909 3173 1051 3245 aequom:
1082 3169 1182 3225 tamen
1204 3166 1256 3241 pol

255 3257 306 3316 Ne
332 3259 385 3332 qui
407 3274 487 3314 nunc
508 3259 604 3332 magis
627 3255 720 3313 simus
742 3254 901 3328 ebnoxiae,
925 3254 1033 3328 6pibus

168 3349 187 3363 ¹
256 3341 413 3402 Omnibus
435 3345 571 3399 nostrum
595 3340 726 3398 officium
748 3341 834 3399 decet
854 3359 910 3398 nos
932 3339 1111 3396 meminisse.

252 3427 381 3498 Placet,
404 3443 470 3484 mea
492 3426 589 3484 sorar:
618 3427 713 3482 taceo.
757 3425 800 3483 At
821 3425 913 3483 facito
935 3423 1116 3482 memineris.

146 3583 234 3659 Uen
270 3572 545 3640 Posiiionsfehler
576 3593 682 3658 gagen
712 3571 804 3636 Eude
831 3571 885 3636 des
914 3571 989 3635 'lien
1012 3568 1129 3634 Verses
1152 3570 1244 3634 weiss
1268 3570 1320 3634 ich

141 3695 198 3758 im
234 3683 457 3772 Augenbliek
484 3683 576 3747 uiehi
603 3681 868 3767 wegzusehaffen.
906 3719 960 3776 -Ᾰ
985 3680 1035 3745 Im
1057 3679 1251 3765 Palimpsesi
1277 3681 1321 3744 ist

141 3803 224 3872 dies
251 3795 384 3887 gerade
412 3793 484 3858 eine
512 3815 575 3858 von
603 3793 665 3857 den
694 3791 831 3870 Stellen,
865 3788 963 3855 deren
985 3790 1217 3855 Venderbnisse
1250 3788 1319 3852 sich

137 3918 259 3985 sehon
293 3931 363 3973 von
393 3903 508 3970 friiher
534 3904 592 3967 her
618 3903 744 3968 daiiren
756 3952 765 3986 ,
800 3902 899 3967 daher
932 3902 982 3966 die
1006 3899 1230 3984 Abweiehuug
1257 3919 1319 3961 von

135 4031 204 4096 der
232 4021 392 4106 Vulgate
415 4014 546 4102 garing.
591 4012 651 4078 Die
678 4017 785 4078 ersten
807 4012 907 4077 Versa
930 4013 1002 4076 sind
1026 4033 1091 4075 nun
1115 4008 1187 4073 dort
1209 4030 1243 4071 se
1266 4027 1319 4090 ge-

133 4137 333 4207 schriebeu
344 4155 352 4195 :

510 4213 605 4273 Credo
628 4215 683 4292 ege
706 4217 844 4274 miseram

508 4299 614 4358 Fuisse
634 4301 828 4376 Penelopam,

510 4383 614 4460 Soror,
637 4405 691 4445 suo
714 4389 748 4443 ix
772 4387 887 4460 animo,

1068 4478 1130 4548 13*
