<?xml version="1.0" encoding="UTF-8"?>
<!DOCTYPE html PUBLIC "-//W3C//DTD XHTML 1.0 Transitional//EN"
    "http://www.w3.org/TR/xhtml1/DTD/xhtml1-transitional.dtd">
<html xmlns="http://www.w3.org/1999/xhtml" xml:lang="en" lang="en">
 <head>
  <title>
</title>
<meta http-equiv="Content-Type" content="text/html;charset=utf-8" />
  <meta name='ocr-system' content='tesseract 3.04.00' />
  <meta name='ocr-capabilities' content='ocr_page ocr_carea ocr_par ocr_line ocrx_word'/>
</head>
<body>
  <div class='ocr_page' id='page_1' title='image "./fridericiritsch06wachgoog_0077.png"; bbox 0 0 3094 5158; ppageno 0'>
   <div class='ocr_carea' id='block_1_1' title="bbox 273 383 1148 446">
    <p class='ocr_par' dir='ltr' id='par_1_1' title="bbox 273 383 1148 446">
     <span class='ocr_line' id='line_1_1' title="bbox 273 383 1148 446; baseline -0.007 0"><span class='ocrx_word' id='word_1_1' title='bbox 273 384 315 446; x_wconf 71' lang='lat' dir='ltr'>lo</span> <span class='ocrx_word' id='word_1_2' title='bbox 538 383 631 444; x_wconf 83' lang='lat' dir='ltr'>tuna</span> <span class='ocrx_word' id='word_1_3' title='bbox 660 395 721 442; x_wconf 86' lang='lat' dir='ltr'>nm</span> <span class='ocrx_word' id='word_1_4' title='bbox 745 395 870 442; x_wconf 75' lang='lat' dir='ltr'>namur</span> <span class='ocrx_word' id='word_1_5' title='bbox 892 393 1148 442; x_wconf 70' lang='lat' dir='ltr'>assensurus</span> 
     </span>
    </p>
   </div>
   <div class='ocr_carea' id='block_1_2' title="bbox 274 545 1424 1067">
    <p class='ocr_par' dir='ltr' id='par_1_2' title="bbox 274 545 1424 1067">
     <span class='ocr_line' id='line_1_2' title="bbox 275 545 1421 633; baseline -0.003 -20"><span class='ocrx_word' id='word_1_6' title='bbox 275 548 468 633; x_wconf 85' lang='lat' dir='ltr'>Amphitruo</span> <span class='ocrx_word' id='word_1_7' title='bbox 495 547 556 612; x_wconf 89' lang='lat' dir='ltr'>mit</span> <span class='ocrx_word' id='word_1_8' title='bbox 582 547 762 612; x_wconf 82' lang='lat' dir='ltr'>besonders</span> <span class='ocrx_word' id='word_1_9' title='bbox 776 545 1026 611; x_wconf 84' lang='lat' dir='ltr'>ausfiihrliehem</span> <span class='ocrx_word' id='word_1_10' title='bbox 1049 546 1254 612; x_wconf 80' lang='lat' dir='ltr'>Commentar</span> <span class='ocrx_word' id='word_1_11' title='bbox 1277 546 1421 610; x_wconf 83' lang='lat' dir='ltr'>bedscht</span> 
     </span>
     <span class='ocr_line' id='line_1_3' title="bbox 274 653 1422 742; baseline -0.005 -18"><span class='ocrx_word' id='word_1_12' title='bbox 274 681 351 742; x_wconf 83' lang='lat' dir='ltr'>war,</span> <span class='ocrx_word' id='word_1_13' title='bbox 374 681 410 722; x_wconf 92' lang='lat' dir='ltr'>so</span> <span class='ocrx_word' id='word_1_14' title='bbox 431 657 521 722; x_wconf 87' lang='lat' dir='ltr'>stehe</span> <span class='ocrx_word' id='word_1_15' title='bbox 544 657 597 722; x_wconf 88' lang='lat' dir='ltr'>ich</span> <span class='ocrx_word' id='word_1_16' title='bbox 619 655 711 721; x_wconf 89' lang='lat' dir='ltr'>nicht</span> <span class='ocrx_word' id='word_1_17' title='bbox 733 679 775 720; x_wconf 86' lang='lat' dir='ltr'>an</span> <span class='ocrx_word' id='word_1_18' title='bbox 797 656 1029 741; x_wconf 82' lang='lat' dir='ltr'>vorzugsweise</span> <span class='ocrx_word' id='word_1_19' title='bbox 1049 677 1113 720; x_wconf 81' lang='lat' dir='ltr'>ron</span> <span class='ocrx_word' id='word_1_20' title='bbox 1135 655 1319 719; x_wconf 85' lang='lat' dir='ltr'>demsclben</span> <span class='ocrx_word' id='word_1_21' title='bbox 1336 653 1422 718; x_wconf 84' lang='lat' dir='ltr'>auch</span> 
     </span>
     <span class='ocr_line' id='line_1_4' title="bbox 275 764 1422 849; baseline -0.004 -16"><span class='ocrx_word' id='word_1_22' title='bbox 275 769 325 834; x_wconf 89' lang='lat' dir='ltr'>die</span> <span class='ocrx_word' id='word_1_23' title='bbox 348 767 483 832; x_wconf 79' lang='lat' dir='ltr'>‘multas</span> <span class='ocrx_word' id='word_1_24' title='bbox 506 766 702 832; x_wconf 87' lang='lat' dir='ltr'>additiones’</span> <span class='ocrx_word' id='word_1_25' title='bbox 732 789 771 830; x_wconf 87' lang='lat' dir='ltr'>zu</span> <span class='ocrx_word' id='word_1_26' title='bbox 793 765 978 848; x_wconf 87' lang='lat' dir='ltr'>verstehen,</span> <span class='ocrx_word' id='word_1_27' title='bbox 1008 765 1058 828; x_wconf 93' lang='lat' dir='ltr'>die</span> <span class='ocrx_word' id='word_1_28' title='bbox 1086 764 1234 829; x_wconf 80' lang='lat' dir='ltr'>eusdem</span> <span class='ocrx_word' id='word_1_29' title='bbox 1257 764 1343 828; x_wconf 86' lang='lat' dir='ltr'>Titel</span> <span class='ocrx_word' id='word_1_30' title='bbox 1367 785 1422 849; x_wconf 82' lang='lat' dir='ltr'>ge-</span> 
     </span>
     <span class='ocr_line' id='line_1_5' title="bbox 275 873 1423 959; baseline -0.003 -17"><span class='ocrx_word' id='word_1_31' title='bbox 275 877 384 942; x_wconf 80' lang='lat' dir='ltr'>rithmt</span> <span class='ocrx_word' id='word_1_32' title='bbox 405 877 543 942; x_wconf 83' lang='lat' dir='ltr'>werden.</span> <span class='ocrx_word' id='word_1_33' title='bbox 587 875 632 940; x_wconf 85' lang='lat' dir='ltr'>Es</span> <span class='ocrx_word' id='word_1_34' title='bbox 661 875 769 940; x_wconf 76' lang='lat' dir='ltr'>wtirde</span> <span class='ocrx_word' id='word_1_35' title='bbox 799 876 865 940; x_wconf 92' lang='lat' dir='ltr'>dies</span> <span class='ocrx_word' id='word_1_36' title='bbox 892 876 1020 940; x_wconf 88' lang='lat' dir='ltr'>keinem</span> <span class='ocrx_word' id='word_1_37' title='bbox 1044 873 1173 938; x_wconf 84' lang='lat' dir='ltr'>Zwsifel</span> <span class='ocrx_word' id='word_1_38' title='bbox 1202 874 1423 959; x_wconf 82' lang='lat' dir='ltr'>unterliegen,</span> 
     </span>
     <span class='ocr_line' id='line_1_6' title="bbox 275 983 1424 1067; baseline -0.004 -14"><span class='ocrx_word' id='word_1_39' title='bbox 275 1009 370 1053; x_wconf 83' lang='lat' dir='ltr'>wenn</span> <span class='ocrx_word' id='word_1_40' title='bbox 392 1009 426 1051; x_wconf 92' lang='lat' dir='ltr'>es</span> <span class='ocrx_word' id='word_1_41' title='bbox 447 984 593 1050; x_wconf 85' lang='lat' dir='ltr'>wirldich</span> <span class='ocrx_word' id='word_1_42' title='bbox 617 985 708 1050; x_wconf 83' lang='lat' dir='ltr'>wahr</span> <span class='ocrx_word' id='word_1_43' title='bbox 729 990 825 1067; x_wconf 74' lang='lat' dir='ltr'>wilre,</span> <span class='ocrx_word' id='word_1_44' title='bbox 850 1007 915 1049; x_wconf 84' lang='lat' dir='ltr'>was</span> <span class='ocrx_word' id='word_1_45' title='bbox 938 985 985 1049; x_wconf 87' lang='lat' dir='ltr'>als</span> <span class='ocrx_word' id='word_1_46' title='bbox 1008 985 1061 1049; x_wconf 90' lang='lat' dir='ltr'>ein</span> <span class='ocrx_word' id='word_1_47' title='bbox 1083 984 1334 1050; x_wconf 83' lang='lat' dir='ltr'>unantastbares</span> <span class='ocrx_word' id='word_1_48' title='bbox 1358 983 1424 1048; x_wconf 86' lang='lat' dir='ltr'>Re-</span> 
     </span>
    </p>
   </div>
   <div class='ocr_carea' id='block_1_3' title="bbox 275 1092 1425 1180">
    <p class='ocr_par' dir='ltr' id='par_1_3' title="bbox 275 1092 1425 1180">
     <span class='ocr_line' id='line_1_7' title="bbox 275 1092 1425 1180; baseline -0.003 -18"><span class='ocrx_word' id='word_1_49' title='bbox 275 1097 375 1162; x_wconf 86' lang='lat' dir='ltr'>sultat</span> <span class='ocrx_word' id='word_1_50' title='bbox 396 1096 453 1160; x_wconf 89' lang='lat' dir='ltr'>der</span> <span class='ocrx_word' id='word_1_51' title='bbox 473 1093 727 1160; x_wconf 88' lang='lat' dir='ltr'>Niebuhr&#39;schen</span> <span class='ocrx_word' id='word_1_52' title='bbox 749 1093 972 1180; x_wconf 81' lang='lat' dir='ltr'>Abhandlung</span> <span class='ocrx_word' id='word_1_53' title='bbox 995 1095 1040 1180; x_wconf 89' lang='lat' dir='ltr'>(p.</span> <span class='ocrx_word' id='word_1_54' title='bbox 1067 1095 1141 1179; x_wconf 77' lang='lat'><strong>177)</strong></span> <span class='ocrx_word' id='word_1_55' title='bbox 1163 1115 1226 1158; x_wconf 88' lang='lat' dir='ltr'>von</span> <span class='ocrx_word' id='word_1_56' title='bbox 1247 1092 1425 1158; x_wconf 87' lang='lat' dir='ltr'>manchem</span> 
     </span>
    </p>
   </div>
   <div class='ocr_carea' id='block_1_4' title="bbox 211 1202 1430 2060">
    <p class='ocr_par' dir='ltr' id='par_1_4' title="bbox 211 1202 1430 2060">
     <span class='ocr_line' id='line_1_8' title="bbox 276 1202 1426 1292; baseline -0.003 -21"><span class='ocrx_word' id='word_1_57' title='bbox 276 1205 464 1292; x_wconf 87' lang='lat' dir='ltr'>wiederholt</span> <span class='ocrx_word' id='word_1_58' title='bbox 477 1205 606 1270; x_wconf 86' lang='lat' dir='ltr'>worden</span> <span class='ocrx_word' id='word_1_59' title='bbox 628 1205 680 1288; x_wconf 83' lang='lat' dir='ltr'>ist,</span> <span class='ocrx_word' id='word_1_60' title='bbox 704 1206 776 1268; x_wconf 89' lang='lat' dir='ltr'>dass</span> <span class='ocrx_word' id='word_1_61' title='bbox 798 1203 867 1269; x_wconf 88' lang='lat' dir='ltr'>sich</span> <span class='ocrx_word' id='word_1_62' title='bbox 882 1203 1073 1269; x_wconf 84' lang='lat' dir='ltr'>Hermolaus</span> <span class='ocrx_word' id='word_1_63' title='bbox 1089 1202 1250 1268; x_wconf 80' lang='lat' dir='ltr'>Barbanrs</span> <span class='ocrx_word' id='word_1_64' title='bbox 1265 1204 1300 1268; x_wconf 92' lang='lat' dir='ltr'>in</span> <span class='ocrx_word' id='word_1_65' title='bbox 1315 1203 1426 1267; x_wconf 88' lang='lat' dir='ltr'>einem</span> 
     </span>
     <span class='ocr_line' id='line_1_9' title="bbox 277 1289 1426 1400; baseline -0.002 -22"><span class='ocrx_word' id='word_1_66' title='bbox 277 1315 386 1380; x_wconf 85' lang='lat' dir='ltr'>Briele</span> <span class='ocrx_word' id='word_1_67' title='bbox 408 1315 509 1380; x_wconf 86' lang='lat' dir='ltr'>selbst</span> <span class='ocrx_word' id='word_1_68' title='bbox 531 1315 578 1378; x_wconf 86' lang='lat' dir='ltr'>als</span> <span class='ocrx_word' id='word_1_69' title='bbox 601 1315 662 1378; x_wconf 88' lang='lat' dir='ltr'>den</span> <span class='ocrx_word' id='word_1_70' title='bbox 684 1313 854 1378; x_wconf 82' lang='lat' dir='ltr'>Verfesser</span> <span class='ocrx_word' id='word_1_71' title='bbox 881 1315 938 1378; x_wconf 91' lang='lat' dir='ltr'>der</span> <span class='ocrx_word' id='word_1_72' title='bbox 958 1313 1105 1378; x_wconf 84' lang='lat' dir='ltr'>fulschen</span> <span class='ocrx_word' id='word_1_73' title='bbox 1127 1312 1253 1400; x_wconf 56' lang='lat' dir='ltr'>deenen</span> <span class='ocrx_word' id='word_1_74' title='bbox 1274 1313 1319 1376; x_wconf 92' lang='lat' dir='ltr'>im</span> <span class='ocrx_word' id='word_1_75' title='bbox 1344 1289 1426 1377; x_wconf 74' lang='lat' dir='ltr'>Ain-</span> 
     </span>
     <span class='ocr_line' id='line_1_10' title="bbox 272 1422 1426 1508; baseline -0.003 -18"><span class='ocrx_word' id='word_1_76' title='bbox 272 1425 406 1508; x_wconf 71' lang='lat' dir='ltr'>phitruo</span> <span class='ocrx_word' id='word_1_77' title='bbox 422 1424 577 1490; x_wconf 85' lang='lat' dir='ltr'>bekenne.</span> <span class='ocrx_word' id='word_1_78' title='bbox 616 1424 704 1488; x_wconf 85' lang='lat' dir='ltr'>Aber</span> <span class='ocrx_word' id='word_1_79' title='bbox 725 1423 782 1488; x_wconf 88' lang='lat' dir='ltr'>das</span> <span class='ocrx_word' id='word_1_80' title='bbox 803 1445 890 1488; x_wconf 92' lang='lat' dir='ltr'>muss</span> <span class='ocrx_word' id='word_1_81' title='bbox 912 1445 988 1488; x_wconf 87' lang='lat' dir='ltr'>man</span> <span class='ocrx_word' id='word_1_82' title='bbox 1010 1422 1207 1488; x_wconf 86' lang='lat' dir='ltr'>zwischen</span> <span class='ocrx_word' id='word_1_83' title='bbox 1230 1423 1293 1486; x_wconf 90' lang='lat' dir='ltr'>den</span> <span class='ocrx_word' id='word_1_84' title='bbox 1308 1422 1426 1486; x_wconf 90' lang='lat' dir='ltr'>Zeilen</span> 
     </span>
     <span class='ocr_line' id='line_1_11' title="bbox 278 1532 1428 1619; baseline -0.002 -21"><span class='ocrx_word' id='word_1_85' title='bbox 278 1533 409 1618; x_wconf 85' lang='lat' dir='ltr'>gelesen</span> <span class='ocrx_word' id='word_1_86' title='bbox 435 1533 557 1616; x_wconf 83' lang='lat' dir='ltr'>haben3</span> <span class='ocrx_word' id='word_1_87' title='bbox 588 1533 628 1598; x_wconf 93' lang='lat' dir='ltr'>in</span> <span class='ocrx_word' id='word_1_88' title='bbox 655 1533 755 1598; x_wconf 90' lang='lat' dir='ltr'>ihnen</span> <span class='ocrx_word' id='word_1_89' title='bbox 783 1532 871 1598; x_wconf 90' lang='lat' dir='ltr'>steht</span> <span class='ocrx_word' id='word_1_90' title='bbox 897 1535 1094 1619; x_wconf 85' lang='lat' dir='ltr'>wenigstens</span> <span class='ocrx_word' id='word_1_91' title='bbox 1121 1533 1157 1596; x_wconf 90' lang='lat' dir='ltr'>in</span> <span class='ocrx_word' id='word_1_92' title='bbox 1184 1533 1239 1596; x_wconf 91' lang='lat' dir='ltr'>der</span> <span class='ocrx_word' id='word_1_93' title='bbox 1266 1533 1428 1618; x_wconf 79' lang='lat' dir='ltr'>Ausgabe</span> 
     </span>
     <span class='ocr_line' id='line_1_12' title="bbox 279 1641 1430 1726; baseline 0.001 -19"><span class='ocrx_word' id='word_1_94' title='bbox 279 1645 334 1708; x_wconf 87' lang='lat' dir='ltr'>der</span> <span class='ocrx_word' id='word_1_95' title='bbox 355 1641 609 1708; x_wconf 87' lang='lat' dir='ltr'>Politianischen</span> <span class='ocrx_word' id='word_1_96' title='bbox 631 1642 754 1726; x_wconf 87' lang='lat' dir='ltr'>Briefe,</span> <span class='ocrx_word' id='word_1_97' title='bbox 784 1643 835 1708; x_wconf 91' lang='lat' dir='ltr'>die</span> <span class='ocrx_word' id='word_1_98' title='bbox 861 1644 923 1707; x_wconf 87' lang='lat' dir='ltr'>inir</span> <span class='ocrx_word' id='word_1_99' title='bbox 945 1665 1000 1708; x_wconf 85' lang='lat' dir='ltr'>zur</span> <span class='ocrx_word' id='word_1_100' title='bbox 1022 1642 1121 1708; x_wconf 82' lang='lat' dir='ltr'>Hand</span> <span class='ocrx_word' id='word_1_101' title='bbox 1141 1643 1199 1725; x_wconf 87' lang='lat' dir='ltr'>ist,</span> <span class='ocrx_word' id='word_1_102' title='bbox 1227 1642 1303 1706; x_wconf 68' lang='lat' dir='ltr'>luein</span> <span class='ocrx_word' id='word_1_103' title='bbox 1325 1641 1430 1708; x_wconf 89' lang='lat' dir='ltr'>Wort</span> 
     </span>
     <span class='ocr_line' id='line_1_13' title="bbox 277 1751 1429 1837; baseline -0.001 -20"><span class='ocrx_word' id='word_1_104' title='bbox 277 1775 349 1818; x_wconf 82' lang='lat' dir='ltr'>vom</span> <span class='ocrx_word' id='word_1_105' title='bbox 371 1752 564 1837; x_wconf 88' lang='lat' dir='ltr'>Amphitruo</span> <span class='ocrx_word' id='word_1_106' title='bbox 571 1803 579 1836; x_wconf 92' lang='lat'>,</span> <span class='ocrx_word' id='word_1_107' title='bbox 610 1753 749 1818; x_wconf 87' lang='lat' dir='ltr'>sondern</span> <span class='ocrx_word' id='word_1_108' title='bbox 776 1753 883 1818; x_wconf 88' lang='lat' dir='ltr'>nichts</span> <span class='ocrx_word' id='word_1_109' title='bbox 904 1754 1031 1837; x_wconf 72' lang='lat' dir='ltr'>melier,</span> <span class='ocrx_word' id='word_1_110' title='bbox 1061 1753 1108 1816; x_wconf 88' lang='lat' dir='ltr'>als</span> <span class='ocrx_word' id='word_1_111' title='bbox 1135 1752 1208 1816; x_wconf 86' lang='lat' dir='ltr'>dass</span> <span class='ocrx_word' id='word_1_112' title='bbox 1230 1751 1429 1817; x_wconf 79' lang='lat' dir='ltr'><strong>Hermolaus</strong></span> 
     </span>
     <span class='ocr_line' id='line_1_14' title="bbox 277 1862 1428 1948; baseline 0 -22"><span class='ocrx_word' id='word_1_113' title='bbox 277 1864 330 1927; x_wconf 82' lang='lat' dir='ltr'>fiir</span> <span class='ocrx_word' id='word_1_114' title='bbox 356 1863 471 1948; x_wconf 82' lang='lat' dir='ltr'>irgend</span> <span class='ocrx_word' id='word_1_115' title='bbox 500 1863 588 1928; x_wconf 90' lang='lat' dir='ltr'>eines</span> <span class='ocrx_word' id='word_1_116' title='bbox 615 1862 671 1928; x_wconf 91' lang='lat' dir='ltr'>der</span> <span class='ocrx_word' id='word_1_117' title='bbox 698 1863 929 1928; x_wconf 81' lang='lat' dir='ltr'>liickenlraften</span> <span class='ocrx_word' id='word_1_118' title='bbox 957 1863 1075 1929; x_wconf 77' lang='lat' dir='ltr'>Stiiclre</span> <span class='ocrx_word' id='word_1_119' title='bbox 1103 1862 1158 1927; x_wconf 87' lang='lat' dir='ltr'>des</span> <span class='ocrx_word' id='word_1_120' title='bbox 1185 1862 1321 1927; x_wconf 87' lang='lat' dir='ltr'>Plautus</span> <span class='ocrx_word' id='word_1_121' title='bbox 1351 1863 1428 1928; x_wconf 87' lang='lat' dir='ltr'>eine</span> 
     </span>
     <span class='ocr_line' id='line_1_15' title="bbox 211 1971 1429 2060; baseline 0.001 -25"><span class='ocrx_word' id='word_1_122' title='bbox 211 1987 259 2036; x_wconf 72' lang='lat'>192</span> <span class='ocrx_word' id='word_1_123' title='bbox 277 1972 450 2060; x_wconf 79' lang='lat' dir='ltr'>metrisclre</span> <span class='ocrx_word' id='word_1_124' title='bbox 478 1972 679 2057; x_wconf 73' lang='lat' dir='ltr'>Erginzung</span> <span class='ocrx_word' id='word_1_125' title='bbox 711 1972 932 2058; x_wconf 85' lang='lat' dir='ltr'>geschrieben.</span> <span class='ocrx_word' id='word_1_126' title='bbox 946 1972 987 2058; x_wconf 74' lang='grc'>25)</span> <span class='ocrx_word' id='word_1_127' title='bbox 1042 1973 1106 2038; x_wconf 78' lang='lat' dir='ltr'>Fur</span> <span class='ocrx_word' id='word_1_128' title='bbox 1138 1973 1200 2036; x_wconf 84' lang='lat' dir='ltr'>den</span> <span class='ocrx_word' id='word_1_129' title='bbox 1228 1971 1429 2055; x_wconf 85' lang='lat' dir='ltr'>Amphitruo</span> 
     </span>
    </p>
   </div>
   <div class='ocr_carea' id='block_1_5' title="bbox 278 2173 1433 4200">
    <p class='ocr_par' dir='ltr' id='par_1_5' title="bbox 278 2173 1538 4200">
     <span class='ocr_line' id='line_1_16' title="bbox 347 2173 1428 2244; baseline 0 -14"><span class='ocrx_word' id='word_1_130' title='bbox 347 2179 390 2244; x_wconf 76' lang='lat'>25)</span> <span class='ocrx_word' id='word_1_131' title='bbox 417 2175 512 2230; x_wconf 86' lang='lat' dir='ltr'>Dumit</span> <span class='ocrx_word' id='word_1_132' title='bbox 529 2175 573 2229; x_wconf 90' lang='lat' dir='ltr'>ein</span> <span class='ocrx_word' id='word_1_133' title='bbox 588 2175 669 2244; x_wconf 83' lang='lat' dir='ltr'>jeder</span> <span class='ocrx_word' id='word_1_134' title='bbox 692 2175 779 2230; x_wconf 83' lang='lat' dir='ltr'>selbst</span> <span class='ocrx_word' id='word_1_135' title='bbox 796 2175 933 2231; x_wconf 87' lang='lat' dir='ltr'>urtheilen</span> <span class='ocrx_word' id='word_1_136' title='bbox 951 2177 1054 2242; x_wconf 70' lang='lat' dir='ltr'>tinne,</span> <span class='ocrx_word' id='word_1_137' title='bbox 1075 2176 1149 2230; x_wconf 85' lang='lat' dir='ltr'>setze</span> <span class='ocrx_word' id='word_1_138' title='bbox 1170 2173 1216 2228; x_wconf 88' lang='lat' dir='ltr'>ich</span> <span class='ocrx_word' id='word_1_139' title='bbox 1237 2173 1291 2228; x_wconf 90' lang='lat' dir='ltr'>den</span> <span class='ocrx_word' id='word_1_140' title='bbox 1314 2191 1428 2244; x_wconf 83' lang='lat' dir='ltr'>ganzen</span> 
     </span>
     <span class='ocr_line' id='line_1_17' title="bbox 278 2265 1429 2338; baseline 0 -16"><span class='ocrx_word' id='word_1_141' title='bbox 278 2267 358 2332; x_wconf 85' lang='lat' dir='ltr'>Briel¹</span> <span class='ocrx_word' id='word_1_142' title='bbox 371 2267 435 2334; x_wconf 86' lang='lat' dir='ltr'>XII,</span> <span class='ocrx_word' id='word_1_143' title='bbox 454 2273 486 2321; x_wconf 80' lang='lat'>25</span> <span class='ocrx_word' id='word_1_144' title='bbox 513 2284 562 2321; x_wconf 88' lang='lat' dir='ltr'>aus</span> <span class='ocrx_word' id='word_1_145' title='bbox 584 2269 654 2336; x_wconf 85' lang='lat' dir='ltr'><strong>Aug.</strong></span> <span class='ocrx_word' id='word_1_146' title='bbox 674 2267 805 2322; x_wconf 85' lang='lat' dir='ltr'>Politisni</span> <span class='ocrx_word' id='word_1_147' title='bbox 824 2269 927 2338; x_wconf 89' lang='lat' dir='ltr'>Opera,</span> <span class='ocrx_word' id='word_1_148' title='bbox 954 2267 1083 2338; x_wconf 76' lang='lat' dir='ltr'><strong>Lugduni</strong></span> <span class='ocrx_word' id='word_1_149' title='bbox 1107 2285 1152 2338; x_wconf 86' lang='lat' dir='ltr'>ap.</span> <span class='ocrx_word' id='word_1_150' title='bbox 1175 2265 1239 2322; x_wconf 87' lang='lat' dir='ltr'>Seb.</span> <span class='ocrx_word' id='word_1_151' title='bbox 1263 2267 1429 2336; x_wconf 83' lang='lat' dir='ltr'><strong>Gryphium</strong></span> 
     </span>
     <span class='ocr_line' id='line_1_18' title="bbox 281 2359 1428 2432; baseline 0 -18"><span class='ocrx_word' id='word_1_152' title='bbox 281 2367 360 2426; x_wconf 78' lang='lat' dir='ltr'>isus,</span> <span class='ocrx_word' id='word_1_153' title='bbox 377 2362 397 2414; x_wconf 88' lang='lat' dir='ltr'>t.</span> <span class='ocrx_word' id='word_1_154' title='bbox 418 2361 430 2414; x_wconf 91' lang='lat' dir='ltr'>I</span> <span class='ocrx_word' id='word_1_155' title='bbox 447 2379 475 2430; x_wconf 89' lang='lat' dir='ltr'>p.</span> <span class='ocrx_word' id='word_1_156' title='bbox 494 2365 543 2414; x_wconf 84' lang='grc'>419</span> <span class='ocrx_word' id='word_1_157' title='bbox 561 2359 686 2416; x_wconf 86' lang='lat' dir='ltr'>hierher:</span> <span class='ocrx_word' id='word_1_158' title='bbox 713 2361 892 2416; x_wconf 81' lang='lat' dir='ltr'>‘Hermolaus</span> <span class='ocrx_word' id='word_1_159' title='bbox 909 2361 1050 2415; x_wconf 83' lang='lat' dir='ltr'>Barbarus</span> <span class='ocrx_word' id='word_1_160' title='bbox 1067 2359 1106 2415; x_wconf 86' lang='grc' dir='ltr'>Μ.</span> <span class='ocrx_word' id='word_1_161' title='bbox 1124 2359 1154 2414; x_wconf 87' lang='lat' dir='ltr'>L.</span> <span class='ocrx_word' id='word_1_162' title='bbox 1174 2360 1340 2430; x_wconf 76' lang='lat' dir='ltr'>Phosphoro</span> <span class='ocrx_word' id='word_1_163' title='bbox 1360 2361 1428 2432; x_wconf 89' lang='lat' dir='ltr'>Epi·</span> 
     </span>
     <span class='ocr_line' id='line_1_19' title="bbox 279 2451 1429 2524; baseline 0 -16"><span class='ocrx_word' id='word_1_164' title='bbox 279 2469 363 2523; x_wconf 85' lang='lat' dir='ltr'>scopo</span> <span class='ocrx_word' id='word_1_165' title='bbox 377 2453 491 2522; x_wconf 76' lang='lat' dir='ltr'>Signino</span> <span class='ocrx_word' id='word_1_166' title='bbox 505 2451 531 2507; x_wconf 88' lang='lat' dir='ltr'>S.</span> <span class='ocrx_word' id='word_1_167' title='bbox 557 2452 637 2517; x_wconf 84' lang='lat' dir='ltr'>Quod</span> <span class='ocrx_word' id='word_1_168' title='bbox 648 2453 679 2507; x_wconf 89' lang='lat' dir='ltr'>tu</span> <span class='ocrx_word' id='word_1_169' title='bbox 692 2453 884 2510; x_wconf 87' lang='lat' dir='ltr'>Oetonariolos</span> <span class='ocrx_word' id='word_1_170' title='bbox 903 2471 980 2509; x_wconf 87' lang='lat' dir='ltr'>meos</span> <span class='ocrx_word' id='word_1_171' title='bbox 996 2453 1106 2524; x_wconf 82' lang='lat' dir='ltr'>probes,</span> <span class='ocrx_word' id='word_1_172' title='bbox 1125 2452 1264 2508; x_wconf 76' lang='lat' dir='ltr'>amicitiae</span> <span class='ocrx_word' id='word_1_173' title='bbox 1282 2453 1334 2519; x_wconf 89' lang='lat' dir='ltr'>est,</span> <span class='ocrx_word' id='word_1_174' title='bbox 1349 2454 1429 2521; x_wconf 90' lang='lat' dir='ltr'>quod</span> 
     </span>
     <span class='ocr_line' id='line_1_20' title="bbox 280 2545 1429 2618; baseline 0.001 -17"><span class='ocrx_word' id='word_1_175' title='bbox 280 2546 336 2613; x_wconf 83' lang='lat' dir='ltr'>ulii,</span> <span class='ocrx_word' id='word_1_176' title='bbox 355 2545 507 2600; x_wconf 74' lang='lat' dir='ltr'>felicitatis:</span> <span class='ocrx_word' id='word_1_177' title='bbox 527 2546 601 2614; x_wconf 92' lang='lat' dir='ltr'>quod</span> <span class='ocrx_word' id='word_1_178' title='bbox 619 2546 655 2600; x_wconf 81' lang='lat' dir='ltr'>ud</span> <span class='ocrx_word' id='word_1_179' title='bbox 668 2563 716 2601; x_wconf 87' lang='lat' dir='ltr'>eos</span> <span class='ocrx_word' id='word_1_180' title='bbox 733 2548 830 2618; x_wconf 86' lang='lat' dir='ltr'>populi</span> <span class='ocrx_word' id='word_1_181' title='bbox 842 2562 993 2602; x_wconf 74' lang='lat' dir='ltr'><strong>concursus</strong></span> <span class='ocrx_word' id='word_1_182' title='bbox 1005 2547 1062 2612; x_wconf 88' lang='lat' dir='ltr'>liat,</span> <span class='ocrx_word' id='word_1_183' title='bbox 1079 2545 1183 2616; x_wconf 86' lang='lat' dir='ltr'>partim</span> <span class='ocrx_word' id='word_1_184' title='bbox 1200 2545 1299 2612; x_wconf 83' lang='lat' dir='ltr'>laetor,</span> <span class='ocrx_word' id='word_1_185' title='bbox 1317 2549 1429 2616; x_wconf 85' lang='lat' dir='ltr'>partim</span> 
     </span>
     <span class='ocr_line' id='line_1_21' title="bbox 280 2638 1429 2708; baseline 0.001 -15"><span class='ocrx_word' id='word_1_186' title='bbox 280 2638 373 2694; x_wconf 88' lang='lat' dir='ltr'>doleo:</span> <span class='ocrx_word' id='word_1_187' title='bbox 393 2639 519 2704; x_wconf 72' lang='lat' dir='ltr'>alterum</span> <span class='ocrx_word' id='word_1_188' title='bbox 538 2641 569 2694; x_wconf 90' lang='lat' dir='ltr'>ut</span> <span class='ocrx_word' id='word_1_189' title='bbox 586 2639 721 2695; x_wconf 76' lang='lat' dir='ltr'>adeuntes</span> <span class='ocrx_word' id='word_1_190' title='bbox 739 2640 889 2695; x_wconf 73' lang='lat' dir='ltr'>aemulatio</span> <span class='ocrx_word' id='word_1_191' title='bbox 908 2642 1037 2696; x_wconf 85' lang='lat' dir='ltr'>exacuat:</span> <span class='ocrx_word' id='word_1_192' title='bbox 1067 2639 1199 2705; x_wconf 84' lang='lat' dir='ltr'>alterum,</span> <span class='ocrx_word' id='word_1_193' title='bbox 1218 2638 1285 2708; x_wconf 85' lang='lat' dir='ltr'>quia</span> <span class='ocrx_word' id='word_1_194' title='bbox 1300 2638 1367 2694; x_wconf 84' lang='lat' dir='ltr'>fore</span> <span class='ocrx_word' id='word_1_195' title='bbox 1386 2641 1429 2694; x_wconf 85' lang='lat' dir='ltr'>vi-</span> 
     </span>
     <span class='ocr_line' id='line_1_22' title="bbox 280 2731 1430 2802; baseline 0.003 -17"><span class='ocrx_word' id='word_1_196' title='bbox 280 2731 332 2788; x_wconf 84' lang='lat' dir='ltr'>deo</span> <span class='ocrx_word' id='word_1_197' title='bbox 350 2733 382 2785; x_wconf 93' lang='lat' dir='ltr'>ut</span> <span class='ocrx_word' id='word_1_198' title='bbox 398 2731 479 2786; x_wconf 88' lang='lat' dir='ltr'>multi</span> <span class='ocrx_word' id='word_1_199' title='bbox 496 2733 540 2786; x_wconf 77' lang='lat' dir='ltr'>me</span> <span class='ocrx_word' id='word_1_200' title='bbox 559 2731 680 2800; x_wconf 84' lang='lat' dir='ltr'>rideant,</span> <span class='ocrx_word' id='word_1_201' title='bbox 703 2733 783 2802; x_wconf 86' lang='lat' dir='ltr'>quasi</span> <span class='ocrx_word' id='word_1_202' title='bbox 805 2735 855 2788; x_wconf 86' lang='lat' dir='ltr'>aut</span> <span class='ocrx_word' id='word_1_203' title='bbox 872 2750 935 2788; x_wconf 89' lang='lat' dir='ltr'>cum</span> <span class='ocrx_word' id='word_1_204' title='bbox 952 2733 1051 2788; x_wconf 84' lang='lat' dir='ltr'>Plauto</span> <span class='ocrx_word' id='word_1_205' title='bbox 1071 2736 1179 2788; x_wconf 81' lang='lat' dir='ltr'>certare</span> <span class='ocrx_word' id='word_1_206' title='bbox 1197 2731 1302 2786; x_wconf 79' lang='lat' dir='ltr'>salibus</span> <span class='ocrx_word' id='word_1_207' title='bbox 1322 2737 1353 2788; x_wconf 88' lang='lat' dir='ltr'>et</span> <span class='ocrx_word' id='word_1_208' title='bbox 1372 2735 1430 2788; x_wconf 89' lang='lat' dir='ltr'>elo-</span> 
     </span>
     <span class='ocr_line' id='line_1_23' title="bbox 280 2823 1429 2896; baseline 0.002 -18"><span class='ocrx_word' id='word_1_209' title='bbox 280 2824 395 2892; x_wconf 87' lang='lat' dir='ltr'>quentia</span> <span class='ocrx_word' id='word_1_210' title='bbox 417 2823 561 2892; x_wconf 87' lang='lat' dir='ltr'>voluerim,</span> <span class='ocrx_word' id='word_1_211' title='bbox 589 2826 638 2880; x_wconf 81' lang='lat' dir='ltr'>aut</span> <span class='ocrx_word' id='word_1_212' title='bbox 663 2842 724 2880; x_wconf 88' lang='lat' dir='ltr'>rem</span> <span class='ocrx_word' id='word_1_213' title='bbox 741 2826 870 2880; x_wconf 85' lang='lat' dir='ltr'>Latinam</span> <span class='ocrx_word' id='word_1_214' title='bbox 893 2826 1069 2896; x_wconf 87' lang='lat' dir='ltr'>supposititio</span> <span class='ocrx_word' id='word_1_215' title='bbox 1093 2824 1215 2894; x_wconf 87' lang='lat' dir='ltr'>quodam</span> <span class='ocrx_word' id='word_1_216' title='bbox 1237 2827 1324 2895; x_wconf 81' lang='lat' dir='ltr'>partu</span> <span class='ocrx_word' id='word_1_217' title='bbox 1346 2827 1429 2880; x_wconf 84' lang='lat' dir='ltr'>velut</span> 
     </span>
     <span class='ocr_line' id='line_1_24' title="bbox 279 2916 1427 2987; baseline 0 -15"><span class='ocrx_word' id='word_1_218' title='bbox 279 2917 403 2972; x_wconf 83' lang='lat' dir='ltr'>aucturio</span> <span class='ocrx_word' id='word_1_219' title='bbox 420 2917 516 2972; x_wconf 81' lang='lat' dir='ltr'>iuvere</span> <span class='ocrx_word' id='word_1_220' title='bbox 535 2917 729 2987; x_wconf 79' lang='lat' dir='ltr'>cogitaverim,</span> <span class='ocrx_word' id='word_1_221' title='bbox 756 2935 806 2973; x_wconf 89' lang='lat' dir='ltr'>ceu</span> <span class='ocrx_word' id='word_1_222' title='bbox 823 2935 879 2972; x_wconf 90' lang='lat' dir='ltr'>non</span> <span class='ocrx_word' id='word_1_223' title='bbox 897 2919 984 2974; x_wconf 89' lang='lat' dir='ltr'>multo</span> <span class='ocrx_word' id='word_1_224' title='bbox 1003 2918 1099 2972; x_wconf 89' lang='lat' dir='ltr'>melius</span> <span class='ocrx_word' id='word_1_225' title='bbox 1117 2918 1165 2984; x_wconf 86' lang='lat' dir='ltr'>sit,</span> <span class='ocrx_word' id='word_1_226' title='bbox 1184 2916 1344 2972; x_wconf 84' lang='lat' dir='ltr'>comoedias</span> <span class='ocrx_word' id='word_1_227' title='bbox 1364 2920 1427 2972; x_wconf 88' lang='lat' dir='ltr'>eins</span> 
     </span>
     <span class='ocr_line' id='line_1_25' title="bbox 279 3009 1426 3082; baseline 0.001 -17"><span class='ocrx_word' id='word_1_228' title='bbox 279 3012 380 3082; x_wconf 83' lang='lat' dir='ltr'>poetae</span> <span class='ocrx_word' id='word_1_229' title='bbox 398 3011 542 3066; x_wconf 80' lang='lat' dir='ltr'>ambustas</span> <span class='ocrx_word' id='word_1_230' title='bbox 560 3013 589 3066; x_wconf 91' lang='lat' dir='ltr'>et</span> <span class='ocrx_word' id='word_1_231' title='bbox 606 3011 749 3066; x_wconf 76' lang='lat' dir='ltr'>mutilatas</span> <span class='ocrx_word' id='word_1_232' title='bbox 768 3011 949 3078; x_wconf 76' lang='lat' dir='ltr'>circumferri,</span> <span class='ocrx_word' id='word_1_233' title='bbox 968 3027 1052 3080; x_wconf 89' lang='lat' dir='ltr'>quam</span> <span class='ocrx_word' id='word_1_234' title='bbox 1069 3009 1280 3066; x_wconf 82' lang='lat' dir='ltr'>reconcinnatas</span> <span class='ocrx_word' id='word_1_235' title='bbox 1297 3010 1426 3082; x_wconf 88' lang='lat' dir='ltr'>interpo-</span> 
     </span>
     <span class='ocr_line' id='line_1_26' title="bbox 279 3103 1428 3176; baseline 0.002 -18"><span class='ocrx_word' id='word_1_236' title='bbox 279 3105 406 3172; x_wconf 83' lang='lat' dir='ltr'>latssque</span> <span class='ocrx_word' id='word_1_237' title='bbox 424 3104 459 3159; x_wconf 88' lang='lat' dir='ltr'>de</span> <span class='ocrx_word' id='word_1_238' title='bbox 476 3121 552 3171; x_wconf 85' lang='lat' dir='ltr'>meo,</span> <span class='ocrx_word' id='word_1_239' title='bbox 581 3121 638 3160; x_wconf 93' lang='lat' dir='ltr'>non</span> <span class='ocrx_word' id='word_1_240' title='bbox 655 3121 734 3159; x_wconf 89' lang='lat' dir='ltr'>secus</span> <span class='ocrx_word' id='word_1_241' title='bbox 752 3105 882 3171; x_wconf 87' lang='lat' dir='ltr'>Hercule,</span> <span class='ocrx_word' id='word_1_242' title='bbox 906 3121 989 3173; x_wconf 89' lang='lat' dir='ltr'>quam</span> <span class='ocrx_word' id='word_1_243' title='bbox 1008 3104 1056 3173; x_wconf 87' lang='lat' dir='ltr'>qui</span> <span class='ocrx_word' id='word_1_244' title='bbox 1074 3105 1181 3158; x_wconf 83' lang='lat' dir='ltr'>statuas</span> <span class='ocrx_word' id='word_1_245' title='bbox 1199 3103 1309 3172; x_wconf 85' lang='lat' dir='ltr'>antiqui</span> <span class='ocrx_word' id='word_1_246' title='bbox 1329 3107 1428 3176; x_wconf 87' lang='lat' dir='ltr'>operis</span> 
     </span>
     <span class='ocr_line' id='line_1_27' title="bbox 280 3196 1428 3267; baseline 0.002 -17"><span class='ocrx_word' id='word_1_247' title='bbox 280 3197 338 3252; x_wconf 86' lang='lat' dir='ltr'>sine</span> <span class='ocrx_word' id='word_1_248' title='bbox 358 3196 449 3267; x_wconf 84' lang='lat' dir='ltr'>eapite</span> <span class='ocrx_word' id='word_1_249' title='bbox 467 3201 517 3252; x_wconf 79' lang='lat' dir='ltr'>aut</span> <span class='ocrx_word' id='word_1_250' title='bbox 533 3197 651 3267; x_wconf 85' lang='lat' dir='ltr'>pedibus</span> <span class='ocrx_word' id='word_1_251' title='bbox 662 3197 791 3253; x_wconf 83' lang='lat' dir='ltr'>inventas</span> <span class='ocrx_word' id='word_1_252' title='bbox 806 3198 934 3253; x_wconf 83' lang='lat' dir='ltr'>reficiunt</span> <span class='ocrx_word' id='word_1_253' title='bbox 951 3197 1197 3266; x_wconf 79' lang='lat' dir='ltr'>ferruminnntque,</span> <span class='ocrx_word' id='word_1_254' title='bbox 1215 3211 1306 3264; x_wconf 85' lang='lat' dir='ltr'>neque</span> <span class='ocrx_word' id='word_1_255' title='bbox 1326 3197 1428 3254; x_wconf 86' lang='lat' dir='ltr'>vident</span> 
     </span>
     <span class='ocr_line' id='line_1_28' title="bbox 279 3288 1427 3361; baseline 0.003 -19"><span class='ocrx_word' id='word_1_256' title='bbox 279 3288 480 3344; x_wconf 89' lang='lat' dir='ltr'>multominus</span> <span class='ocrx_word' id='word_1_257' title='bbox 504 3289 544 3344; x_wconf 90' lang='lat' dir='ltr'>sic</span> <span class='ocrx_word' id='word_1_258' title='bbox 564 3290 689 3360; x_wconf 78' lang='lat' dir='ltr'>integras</span> <span class='ocrx_word' id='word_1_259' title='bbox 716 3292 827 3361; x_wconf 80' lang='lat' dir='ltr'>placere</span> <span class='ocrx_word' id='word_1_260' title='bbox 854 3308 938 3360; x_wconf 90' lang='lat' dir='ltr'>quam</span> <span class='ocrx_word' id='word_1_261' title='bbox 964 3297 1085 3345; x_wconf 83' lang='lat' dir='ltr'>truncas.</span> <span class='ocrx_word' id='word_1_262' title='bbox 1125 3291 1163 3344; x_wconf 82' lang='lat' dir='ltr'>At</span> <span class='ocrx_word' id='word_1_263' title='bbox 1189 3289 1276 3356; x_wconf 88' lang='lat' dir='ltr'>enim,</span> <span class='ocrx_word' id='word_1_264' title='bbox 1302 3290 1427 3359; x_wconf 81' lang='lat' dir='ltr'>inquies,</span> 
     </span>
     <span class='ocr_line' id='line_1_29' title="bbox 280 3380 1426 3452; baseline 0.005 -19"><span class='ocrx_word' id='word_1_265' title='bbox 280 3380 371 3434; x_wconf 82' lang='lat' dir='ltr'>Plauti</span> <span class='ocrx_word' id='word_1_266' title='bbox 390 3381 480 3449; x_wconf 80' lang='lat' dir='ltr'>glorie</span> <span class='ocrx_word' id='word_1_267' title='bbox 497 3398 530 3436; x_wconf 85' lang='lat' dir='ltr'>er</span> <span class='ocrx_word' id='word_1_268' title='bbox 549 3385 756 3452; x_wconf 83' lang='lat' dir='ltr'>comparatione</span> <span class='ocrx_word' id='word_1_269' title='bbox 775 3386 887 3440; x_wconf 88' lang='lat' dir='ltr'>crescet.</span> <span class='ocrx_word' id='word_1_270' title='bbox 916 3383 948 3437; x_wconf 93' lang='lat' dir='ltr'>ld</span> <span class='ocrx_word' id='word_1_271' title='bbox 967 3386 1046 3439; x_wconf 79' lang='lat' dir='ltr'>curet</span> <span class='ocrx_word' id='word_1_272' title='bbox 1063 3383 1167 3438; x_wconf 87' lang='lat' dir='ltr'>scilicet</span> <span class='ocrx_word' id='word_1_273' title='bbox 1185 3382 1426 3439; x_wconf 86' lang='lat' dir='ltr'>eminentissimus</span> 
     </span>
     <span class='ocr_line' id='line_1_30' title="bbox 280 3473 1430 3558; baseline 0.005 -32"><span class='ocrx_word' id='word_1_274' title='bbox 280 3475 373 3542; x_wconf 81' lang='lat' dir='ltr'>poete,</span> <span class='ocrx_word' id='word_1_275' title='bbox 392 3473 439 3542; x_wconf 90' lang='lat' dir='ltr'>qui</span> <span class='ocrx_word' id='word_1_276' title='bbox 456 3475 501 3527; x_wconf 89' lang='lat' dir='ltr'>tot</span> <span class='ocrx_word' id='word_1_277' title='bbox 518 3475 616 3528; x_wconf 91' lang='lat' dir='ltr'>seculis</span> <span class='ocrx_word' id='word_1_278' title='bbox 634 3475 662 3529; x_wconf 92' lang='lat' dir='ltr'>in</span> <span class='ocrx_word' id='word_1_279' title='bbox 680 3494 809 3546; x_wconf 89' lang='lat' dir='ltr'>supremo</span> <span class='ocrx_word' id='word_1_280' title='bbox 823 3477 909 3543; x_wconf 86' lang='lat' dir='ltr'>stetit,</span> <span class='ocrx_word' id='word_1_281' title='bbox 928 3477 957 3530; x_wconf 92' lang='lat' dir='ltr'>in</span> <span class='ocrx_word' id='word_1_282' title='bbox 970 3477 1208 3558; x_wconf 79' lang='lat' dir='ltr'>comparationem</span> <span class='ocrx_word' id='word_1_283' title='bbox 1221 3475 1305 3531; x_wconf 92' lang='lat' dir='ltr'>modo</span> <span class='ocrx_word' id='word_1_284' title='bbox 1318 3477 1430 3544; x_wconf 81' lang='lat' dir='ltr'>veniat,</span> 
     </span>
     <span class='ocr_line' id='line_1_31' title="bbox 281 3565 1431 3638; baseline 0.005 -21"><span class='ocrx_word' id='word_1_285' title='bbox 281 3566 310 3618; x_wconf 89' lang='lat' dir='ltr'>iu</span> <span class='ocrx_word' id='word_1_286' title='bbox 329 3565 454 3619; x_wconf 89' lang='lat' dir='ltr'>ordinem</span> <span class='ocrx_word' id='word_1_287' title='bbox 472 3582 501 3620; x_wconf 83' lang='lat' dir='ltr'>ee</span> <span class='ocrx_word' id='word_1_288' title='bbox 521 3565 583 3635; x_wconf 77' lang='lat' dir='ltr'>cogi</span> <span class='ocrx_word' id='word_1_289' title='bbox 601 3569 629 3621; x_wconf 93' lang='lat' dir='ltr'>et</span> <span class='ocrx_word' id='word_1_290' title='bbox 647 3569 757 3638; x_wconf 79' lang='lat' dir='ltr'>vulgari</span> <span class='ocrx_word' id='word_1_291' title='bbox 775 3571 885 3624; x_wconf 83' lang='lat' dir='ltr'>sentiat.</span> <span class='ocrx_word' id='word_1_292' title='bbox 912 3568 1024 3638; x_wconf 76' lang='lat' dir='ltr'>Alioqui</span> <span class='ocrx_word' id='word_1_293' title='bbox 1042 3569 1176 3624; x_wconf 72' lang='lat' dir='ltr'>stultitiae</span> <span class='ocrx_word' id='word_1_294' title='bbox 1194 3569 1353 3638; x_wconf 87' lang='lat' dir='ltr'>proximum</span> <span class='ocrx_word' id='word_1_295' title='bbox 1371 3575 1431 3631; x_wconf 84' lang='lat' dir='ltr'>est,</span> 
     </span>
     <span class='ocr_line' id='line_1_32' title="bbox 283 3647 1432 3732; baseline 0.005 -21"><span class='ocrx_word' id='word_1_296' title='bbox 283 3659 313 3712; x_wconf 91' lang='lat' dir='ltr'>ut</span> <span class='ocrx_word' id='word_1_297' title='bbox 331 3657 439 3712; x_wconf 84' lang='lat' dir='ltr'>alienae</span> <span class='ocrx_word' id='word_1_298' title='bbox 458 3659 549 3714; x_wconf 81' lang='lat' dir='ltr'>lamae</span> <span class='ocrx_word' id='word_1_299' title='bbox 568 3659 718 3728; x_wconf 85' lang='lat' dir='ltr'>consulam,</span> <span class='ocrx_word' id='word_1_300' title='bbox 737 3678 800 3716; x_wconf 89' lang='lat' dir='ltr'>meo</span> <span class='ocrx_word' id='word_1_301' title='bbox 817 3663 904 3732; x_wconf 90' lang='lat' dir='ltr'>ipsius</span> <span class='ocrx_word' id='word_1_302' title='bbox 921 3663 1026 3718; x_wconf 89' lang='lat' dir='ltr'>nomini</span> <span class='ocrx_word' id='word_1_303' title='bbox 1044 3663 1163 3718; x_wconf 84' lang='lat' dir='ltr'>officere.</span> <span class='ocrx_word' id='word_1_304' title='bbox 1200 3661 1256 3716; x_wconf 87' lang='lat' dir='ltr'>Sed</span> <span class='ocrx_word' id='word_1_305' title='bbox 1274 3647 1298 3716; x_wconf 77' lang='lat' dir='ltr'>ii</span> <span class='ocrx_word' id='word_1_306' title='bbox 1315 3662 1369 3717; x_wconf 88' lang='lat' dir='ltr'>hoc</span> <span class='ocrx_word' id='word_1_307' title='bbox 1388 3664 1432 3717; x_wconf 87' lang='lat' dir='ltr'>vi-</span> 
     </span>
     <span class='ocr_line' id='line_1_33' title="bbox 283 3751 1433 3826; baseline 0.008 -22"><span class='ocrx_word' id='word_1_308' title='bbox 283 3751 394 3816; x_wconf 77' lang='lat' dir='ltr'>debam,</span> <span class='ocrx_word' id='word_1_309' title='bbox 413 3769 460 3804; x_wconf 88' lang='lat' dir='ltr'>eur</span> <span class='ocrx_word' id='word_1_310' title='bbox 478 3768 534 3806; x_wconf 92' lang='lat' dir='ltr'>non</span> <span class='ocrx_word' id='word_1_311' title='bbox 552 3754 707 3824; x_wconf 81' lang='lat' dir='ltr'>temperavi</span> <span class='ocrx_word' id='word_1_312' title='bbox 724 3755 917 3812; x_wconf 83' lang='lat' dir='ltr'>ascribendo?</span> <span class='ocrx_word' id='word_1_313' title='bbox 940 3757 1087 3826; x_wconf 80' lang='lat' dir='ltr'>Ingenium</span> <span class='ocrx_word' id='word_1_314' title='bbox 1105 3757 1146 3824; x_wconf 89' lang='lat' dir='ltr'>(ut</span> <span class='ocrx_word' id='word_1_315' title='bbox 1163 3755 1205 3824; x_wconf 84' lang='lat' dir='ltr'>fit)</span> <span class='ocrx_word' id='word_1_316' title='bbox 1223 3755 1342 3811; x_wconf 87' lang='lat' dir='ltr'>exercui.</span> <span class='ocrx_word' id='word_1_317' title='bbox 1366 3755 1433 3814; x_wconf 85' lang='lat' dir='ltr'>Nec</span> 
     </span>
     <span class='ocr_line' id='line_1_34' title="bbox 281 3844 1432 3921; baseline 0.005 -23"><span class='ocrx_word' id='word_1_318' title='bbox 281 3844 310 3898; x_wconf 93' lang='lat' dir='ltr'>in</span> <span class='ocrx_word' id='word_1_319' title='bbox 328 3861 391 3899; x_wconf 86' lang='lat' dir='ltr'>eam</span> <span class='ocrx_word' id='word_1_320' title='bbox 414 3861 473 3899; x_wconf 89' lang='lat' dir='ltr'>rem</span> <span class='ocrx_word' id='word_1_321' title='bbox 497 3845 548 3911; x_wconf 81' lang='lat' dir='ltr'>(its</span> <span class='ocrx_word' id='word_1_322' title='bbox 570 3847 637 3902; x_wconf 91' lang='lat' dir='ltr'>mihi</span> <span class='ocrx_word' id='word_1_323' title='bbox 655 3865 751 3904; x_wconf 86' lang='lat' dir='ltr'>manes</span> <span class='ocrx_word' id='word_1_324' title='bbox 767 3849 890 3904; x_wconf 84' lang='lat' dir='ltr'>Plautini</span> <span class='ocrx_word' id='word_1_325' title='bbox 912 3866 968 3905; x_wconf 89' lang='lat' dir='ltr'>non</span> <span class='ocrx_word' id='word_1_326' title='bbox 989 3850 1156 3918; x_wconf 70' lang='lat' dir='ltr'>nascantur)</span> <span class='ocrx_word' id='word_1_327' title='bbox 1180 3850 1299 3921; x_wconf 85' lang='lat' dir='ltr'>amplius</span> <span class='ocrx_word' id='word_1_328' title='bbox 1322 3850 1432 3918; x_wconf 85' lang='lat' dir='ltr'>sesqui·</span> 
     </span>
     <span class='ocr_line' id='line_1_35' title="bbox 282 3939 1431 4013; baseline 0.004 -20"><span class='ocrx_word' id='word_1_329' title='bbox 282 3939 352 3994; x_wconf 89' lang='lat' dir='ltr'>hora</span> <span class='ocrx_word' id='word_1_330' title='bbox 370 3939 527 4010; x_wconf 87' lang='lat' dir='ltr'>impensum</span> <span class='ocrx_word' id='word_1_331' title='bbox 550 3942 603 4005; x_wconf 85' lang='lat' dir='ltr'>est,</span> <span class='ocrx_word' id='word_1_332' title='bbox 630 3942 679 3996; x_wconf 89' lang='lat' dir='ltr'>sed</span> <span class='ocrx_word' id='word_1_333' title='bbox 696 3959 748 3997; x_wconf 89' lang='lat' dir='ltr'>uec</span> <span class='ocrx_word' id='word_1_334' title='bbox 765 3943 903 3998; x_wconf 87' lang='lat' dir='ltr'>edendum</span> <span class='ocrx_word' id='word_1_335' title='bbox 919 3943 949 3998; x_wconf 90' lang='lat' dir='ltr'>id</span> <span class='ocrx_word' id='word_1_336' title='bbox 966 3944 1072 4013; x_wconf 82' lang='lat' dir='ltr'>putavi,</span> <span class='ocrx_word' id='word_1_337' title='bbox 1090 3962 1142 4000; x_wconf 90' lang='lat' dir='ltr'>nec</span> <span class='ocrx_word' id='word_1_338' title='bbox 1160 3943 1266 4000; x_wconf 87' lang='lat' dir='ltr'>editum</span> <span class='ocrx_word' id='word_1_339' title='bbox 1283 3943 1365 4010; x_wconf 83' lang='lat' dir='ltr'>volo,</span> <span class='ocrx_word' id='word_1_340' title='bbox 1396 3947 1431 3998; x_wconf 80' lang='lat' dir='ltr'>tu</span> 
     </span>
     <span class='ocr_line' id='line_1_36' title="bbox 281 4032 1430 4104; baseline 0.004 -17"><span class='ocrx_word' id='word_1_341' title='bbox 281 4050 326 4087; x_wconf 88' lang='lat' dir='ltr'>me</span> <span class='ocrx_word' id='word_1_342' title='bbox 343 4032 430 4088; x_wconf 85' lang='lat' dir='ltr'>invito</span> <span class='ocrx_word' id='word_1_343' title='bbox 448 4032 696 4102; x_wconf 78' lang='lat' dir='ltr'>reclamitenteque</span> <span class='ocrx_word' id='word_1_344' title='bbox 715 4035 905 4091; x_wconf 85' lang='lat' dir='ltr'>subinvolusti.</span> <span class='ocrx_word' id='word_1_345' title='bbox 941 4036 1047 4092; x_wconf 86' lang='lat' dir='ltr'>Vitium</span> <span class='ocrx_word' id='word_1_346' title='bbox 1065 4053 1120 4092; x_wconf 88' lang='lat' dir='ltr'>non</span> <span class='ocrx_word' id='word_1_347' title='bbox 1139 4039 1183 4092; x_wconf 85' lang='lat' dir='ltr'>est</span> <span class='ocrx_word' id='word_1_348' title='bbox 1200 4037 1331 4104; x_wconf 88' lang='lat' dir='ltr'>scribere,</span> <span class='ocrx_word' id='word_1_349' title='bbox 1352 4053 1430 4104; x_wconf 77' lang='lat' dir='ltr'>quae</span> 
     </span>
     <span class='ocr_line' id='line_1_37' title="bbox 282 4125 1429 4200; baseline 0.005 -20"><span class='ocrx_word' id='word_1_350' title='bbox 282 4125 388 4196; x_wconf 84' lang='lat' dir='ltr'>scripta</span> <span class='ocrx_word' id='word_1_351' title='bbox 413 4142 469 4180; x_wconf 90' lang='lat' dir='ltr'>non</span> <span class='ocrx_word' id='word_1_352' title='bbox 491 4125 617 4196; x_wconf 87' lang='lat' dir='ltr'>placent,</span> <span class='ocrx_word' id='word_1_353' title='bbox 644 4125 693 4181; x_wconf 84' lang='lat' dir='ltr'>sed</span> <span class='ocrx_word' id='word_1_354' title='bbox 715 4128 855 4184; x_wconf 85' lang='lat' dir='ltr'>emittere:</span> <span class='ocrx_word' id='word_1_355' title='bbox 885 4145 937 4185; x_wconf 89' lang='lat' dir='ltr'>nec</span> <span class='ocrx_word' id='word_1_356' title='bbox 956 4131 1033 4186; x_wconf 85' lang='lat' dir='ltr'>fama</span> <span class='ocrx_word' id='word_1_357' title='bbox 1055 4131 1203 4186; x_wconf 77' lang='lat' dir='ltr'>scribentis</span> <span class='ocrx_word' id='word_1_358' title='bbox 1225 4129 1319 4200; x_wconf 79' lang='lat' dir='ltr'>egitur</span> <span class='ocrx_word' id='word_1_359' title='bbox 1342 4130 1370 4184; x_wconf 93' lang='lat' dir='ltr'>in</span> <span class='ocrx_word' id='word_1_360' title='bbox 1392 4149 1429 4186; x_wconf 89' lang='lat' dir='ltr'>eo</span> 
     </span>
    </p>
   </div>
   <div class='ocr_carea' id='block_1_6' title="bbox 283 4205 1430 4480">
    <p class='ocr_par' dir='ltr' id='par_1_6' title="bbox 283 4205 1430 4480">
     <span class='ocr_line' id='line_1_38' title="bbox 283 4205 1430 4295; baseline 0.005 -23"><span class='ocrx_word' id='word_1_361' title='bbox 283 4219 357 4286; x_wconf 92' lang='lat' dir='ltr'>quod</span> <span class='ocrx_word' id='word_1_362' title='bbox 376 4219 485 4286; x_wconf 88' lang='lat' dir='ltr'>scribit,</span> <span class='ocrx_word' id='word_1_363' title='bbox 509 4219 605 4274; x_wconf 91' lang='lat' dir='ltr'>sedin</span> <span class='ocrx_word' id='word_1_364' title='bbox 623 4235 656 4274; x_wconf 91' lang='lat' dir='ltr'>eo</span> <span class='ocrx_word' id='word_1_365' title='bbox 675 4205 882 4293; x_wconf 82' lang='lat' dir='ltr'>qliodprobat:</span> <span class='ocrx_word' id='word_1_366' title='bbox 912 4223 1009 4295; x_wconf 83' lang='lat' dir='ltr'>scripsi</span> <span class='ocrx_word' id='word_1_367' title='bbox 1030 4225 1135 4291; x_wconf 80' lang='lat' dir='ltr'>fateor,</span> <span class='ocrx_word' id='word_1_368' title='bbox 1157 4241 1215 4278; x_wconf 88' lang='lat' dir='ltr'>non</span> <span class='ocrx_word' id='word_1_369' title='bbox 1231 4223 1362 4295; x_wconf 75' lang='lat' dir='ltr'>probavi:</span> <span class='ocrx_word' id='word_1_370' title='bbox 1396 4228 1430 4278; x_wconf 87' lang='lat' dir='ltr'>tu</span> 
     </span>
     <span class='ocr_line' id='line_1_39' title="bbox 283 4312 1429 4386; baseline 0.003 -20"><span class='ocrx_word' id='word_1_371' title='bbox 283 4312 423 4380; x_wconf 82' lang='lat' dir='ltr'>probasti,</span> <span class='ocrx_word' id='word_1_372' title='bbox 450 4313 675 4384; x_wconf 79' lang='lat' dir='ltr'>conscripsisti:</span> <span class='ocrx_word' id='word_1_373' title='bbox 702 4318 751 4370; x_wconf 82' lang='lat' dir='ltr'>tus</span> <span class='ocrx_word' id='word_1_374' title='bbox 772 4333 817 4370; x_wconf 86' lang='lat' dir='ltr'>res</span> <span class='ocrx_word' id='word_1_375' title='bbox 844 4316 939 4386; x_wconf 76' lang='lat' dir='ltr'>agitur</span> <span class='ocrx_word' id='word_1_376' title='bbox 961 4333 1016 4372; x_wconf 87' lang='lat' dir='ltr'>uon</span> <span class='ocrx_word' id='word_1_377' title='bbox 1037 4335 1114 4373; x_wconf 85' lang='lat' dir='ltr'>mea:</span> <span class='ocrx_word' id='word_1_378' title='bbox 1149 4317 1176 4372; x_wconf 90' lang='lat' dir='ltr'>si</span> <span class='ocrx_word' id='word_1_379' title='bbox 1199 4317 1351 4372; x_wconf 81' lang='lat' dir='ltr'>fabulam</span> <span class='ocrx_word' id='word_1_380' title='bbox 1369 4317 1429 4371; x_wconf 87' lang='lat' dir='ltr'>edi</span> 
     </span>
     <span class='ocr_line' id='line_1_40' title="bbox 284 4405 1428 4480; baseline 0.005 -20"><span class='ocrx_word' id='word_1_381' title='bbox 284 4405 388 4472; x_wconf 79' lang='lat' dir='ltr'>uoles,</span> <span class='ocrx_word' id='word_1_382' title='bbox 417 4423 502 4475; x_wconf 85' lang='lat' dir='ltr'>penes</span> <span class='ocrx_word' id='word_1_383' title='bbox 523 4409 552 4462; x_wconf 88' lang='lat' dir='ltr'>te</span> <span class='ocrx_word' id='word_1_384' title='bbox 575 4408 617 4462; x_wconf 92' lang='lat' dir='ltr'>ius</span> <span class='ocrx_word' id='word_1_385' title='bbox 640 4411 670 4463; x_wconf 91' lang='lat' dir='ltr'>et</span> <span class='ocrx_word' id='word_1_386' title='bbox 691 4411 817 4479; x_wconf 83' lang='lat' dir='ltr'>potestus</span> <span class='ocrx_word' id='word_1_387' title='bbox 841 4409 899 4464; x_wconf 87' lang='lat' dir='ltr'>eius</span> <span class='ocrx_word' id='word_1_388' title='bbox 921 4411 961 4465; x_wconf 87' lang='lat' dir='ltr'>rei</span> <span class='ocrx_word' id='word_1_389' title='bbox 983 4414 1045 4466; x_wconf 85' lang='lat' dir='ltr'>totu</span> <span class='ocrx_word' id='word_1_390' title='bbox 1066 4413 1134 4467; x_wconf 84' lang='lat' dir='ltr'>esto.</span> <span class='ocrx_word' id='word_1_391' title='bbox 1172 4411 1346 4480; x_wconf 70' lang='lat' dir='ltr'>Itaqueiam</span> <span class='ocrx_word' id='word_1_392' title='bbox 1365 4429 1428 4466; x_wconf 88' lang='lat' dir='ltr'>non</span> 
     </span>
    </p>
   </div>
   <div class='ocr_carea' id='block_1_7' title="bbox 0 0 1564 5158">
    <p class='ocr_par' dir='ltr' id='par_1_7' title="bbox 0 0 1564 5158">
     <span class='ocr_line' id='line_1_41' title="bbox 0 0 1564 5158; baseline 0 0"><span class='ocrx_word' id='word_1_393' title='bbox 0 0 1564 5158; x_wconf 95' lang='lat' dir='ltr'> </span> 
     </span>
    </p>
   </div>
  </div>
 </body>
</html>
