2996 5148
192 362 198 377 ¹
283 357 346 420 426
640 368 855 428 vnnmoovrs
879 367 1066 416 rusvmus.

367 527 617 590 Intermortuam
644 522 830 590 memoriam
852 521 1021 586 verborum
1044 521 1248 606 antiquitatis
1270 525 1305 588 ut
1324 545 1401 608 saepe

282 634 355 698 libri
377 633 532 716 Plautini,
555 633 603 698 ita
625 632 703 698 alibi
718 631 861 698 Plautini
884 653 993 696 versus
1016 631 1242 718 redintegrant
1262 632 1293 698 h.
1316 655 1340 698 e.
1359 634 1402 698 ob

282 748 409 810 servata
441 745 492 808 lex
522 765 736 808 numerorum.
782 741 902 818 Quibus
932 742 986 806 ubi
1015 741 1064 817 ris
1094 746 1127 806 et
1148 744 1233 808 ratio
1255 744 1404 830 analogiae

282 855 415 939 accedit,
439 854 535 940 longe
558 852 796 918 evidentissima
818 851 952 925 evadere
974 853 1055 918 solet
1082 853 1321 919 demonstratio.
1354 854 1404 920 Do

283 967 430 1032 cumento
458 967 542 1047 este,
575 985 671 1049 quarn
692 964 727 1028 in
749 985 871 1048 nupero
893 963 1092 1049 prooemi0*)
1123 964 1290 1050 tetigimus
1313 963 1404 1052 [supra

280 1097 313 1158 p.
330 1074 405 1164 397]
429 1080 626 1154 iuripandum
649 1075 753 1138 forma
768 1075 804 1138 in
818 1073 935 1140 Vetere
959 1074 1068 1140 codiee
1090 1079 1219 1140 servata
1236 1075 1405 1141 Mercatoris

283 1205 374 1250 versu
397 1185 423 1268 l,
446 1184 477 1267 2,
502 1187 522 1250 9
546 1183 644 1273 [118]‚
668 1185 723 1270 qui
745 1183 841 1270 vulgo
862 1185 937 1250 talis
960 1187 1026 1249 est:

345 1327 386 1385 Et
408 1327 586 1385 currendum
602 1329 632 1385 et
647 1327 843 1403 pugnandum
865 1329 895 1384 et
916 1329 1016 1385 autem
1038 1325 1222 1404 iurgandum
1244 1329 1289 1386 est
1309 1327 1338 1385 in
1358 1327 1406 1384 via.

282 1457 342 1532 Qui
363 1457 390 1521 si
411 1457 567 1524 iambicus
588 1461 637 1522 est
657 1460 694 1522 ut
714 1457 858 1542 plerique
878 1478 987 1521 versus
1007 1455 1093 1521 illius
1116 1479 1272 1548 scaenae,
1297 1457 1407 1542 quadri·

281 1566 438 1652 syllabam
459 1568 596 1632 formam
619 1568 680 1632 sibi
702 1567 845 1652 postulat
867 1571 908 1632 Et
921 1569 1105 1634 currendum
1125 1581 1155 1632 et
1170 1573 1367 1649 pausandum
1385 1581 1409 1632 u

282 1689 379 1743 aretem
401 1681 624 1758 iuriaundumst
645 1679 676 1744 in
700 1686 763 1744 uia:
787 1678 815 1742 si
829 1676 1010 1742 trochaicus
1027 1701 1098 1743 cum
1119 1678 1242 1744 duobus
1258 1680 1312 1764 qui
1333 1701 1409 1764 prae·

284 1789 401 1853 cedunt
427 1789 586 1873 versibus,
615 1788 715 1854 videri
742 1811 820 1853 sane
849 1791 956 1872 potest
982 1787 1185 1873 trisyllabum
1214 1789 1260 1854 sic
1282 1791 1410 1874 recipere

282 1899 331 1964 'Et
353 1905 565 1965 currendumst
586 1903 616 1964 et
632 1905 835 1980 pausandum
851 1911 879 1964 et
899 1901 997 1963 utrem
1019 1905 1206 1979 irruendum
1229 1901 1260 1965 in
1284 1909 1342 1966 uia.
1370 1903 1409 1964 Ac

282 2009 449 2074 latendum
478 2014 527 2074 est
554 2009 654 2074 multo
682 2010 878 2094 probabilius
906 2007 1085 2075 trochaicos
1113 2031 1264 2075 numeros
1287 2033 1343 2096 per
1362 2009 1409 2074 hos

283 2141 391 2185 versus
413 2124 478 2185 tres
502 2119 683 2184 continuari
713 2121 874 2186 communi
895 2121 1075 2185 sententiae
1097 2119 1227 2186 vinculo
1255 2143 1352 2186 nexos
1372 2122 1410 2184 iu·

283 2231 545 2316 dignabundiquc
560 2231 642 2294 servi
660 2231 839 2296 orationem
861 2234 936 2316 apte
959 2234 991 2295 et
1014 2231 1172 2296 concinne
1194 2231 1411 2296 terminantes:

368 2396 507 2458 currenti
533 2399 709 2474 properanti
735 2399 796 2458 hau
825 2398 986 2474 quisquam
1009 2397 1136 2476 dignum
1157 2398 1251 2458 habet
1273 2399 1412 2458 decedere.
1484 2409 1485 2476 J

367 2479 424 2542 'Itu
452 2487 512 2542 tres
540 2503 586 2543 rcs
609 2483 712 2544 simitu
740 2485 873 2560 agendae
896 2486 976 2556 sunt,
1001 2483 1121 2559 quaudo
1143 2503 1237 2542 unam
1259 2484 1413 2561 occeperis:

367 2563 418 2627 'Et
440 2569 647 2630 currendumst
670 2589 694 2627 c.
719 2589 748 2644 q.
772 2589 795 2627 s.

284 2733 346 2798 Sed
368 2731 470 2798 nihilo
493 2735 603 2797 tamen
623 2733 728 2818 magis
750 2731 799 2796 vel
815 2732 902 2796 hunc
916 2753 1043 2796 versum
1066 2732 1116 2798 vel
1138 2732 1314 2800 iambicum
1335 2733 1414 2798 illum

284 2843 486 2909 concedimus
501 2841 687 2908 Plautinum
703 2865 782 2926 esse,
799 2843 959 2908 oommrmi
979 2846 1172 2928 argumento
1187 2844 1250 2910 hoc
1264 2846 1326 2928 usi,
1343 2843 1416 2930 quod

283 2965 312 3020 et
334 2965 432 3020 autem
455 2953 633 3038 particulae
655 2954 719 3018 nisi
741 2954 932 3038 interposito
947 2953 1101 3018 vocabulo
1123 2975 1190 3018 nou
1212 2960 1292 3022 sunt
1313 2953 1416 3022 sociari

284 3064 412 3130 solitae:
445 3063 478 3128 id
500 3065 582 3148 quod
605 3064 729 3130 axillis
752 3087 833 3148 quae
855 3063 1002 3128 Handius
1025 3063 1198 3130 lhusellini
1219 3067 1245 3130 t.
1269 3065 1287 3130 1
1309 3089 1341 3150 p.
1362 3067 1417 3130 584
1483 3071 1484 3107 ³

285 3175 429 3259 exempla
459 3175 652 3258 composuit,
682 3175 761 3240 satis
788 3175 995 3260 perspicitur:
1033 3180 1112 3239 abile
1138 3187 1171 3240 tu
1201 3181 1323 3242 domum
1344 3189 1371 3241 et
1391 3187 1417 3240 lu

241 3304 266 3352 vr
286 3297 384 3350 autem
412 3292 547 3352 domum:
581 3291 609 3350 si
633 3292 738 3352 etrele
760 3293 871 3352 veltet
893 3293 944 3350 ille
966 3295 1064 3350 autem
1086 3292 1188 3366 cupit:
1225 3307 1299 3352 nam
1321 3301 1349 3352 et
1369 3293 1419 3350 hoc

12 3359 14 3468 i
129 3415 137 3438 ·
286 3405 373 3462 nocte
394 3403 607 3462 consulendum
629 3406 659 3460 et
678 3403 756 3462 illud
776 3409 877 3463 auton
892 3401 1157 3462 insermendumst:
1180 3408 1210 3460 et
1231 3405 1420 3477 prodimur

12 3511 13 3518 ’
285 3516 385 3571 autem
407 3517 458 3570 cst.
490 3505 536 3570 Vt
556 3529 656 3570 unum
678 3509 761 3590 quod
785 3507 971 3576 adversatur
994 3506 1185 3591 exemplum,
1210 3507 1347 3574 Poenuli
1367 3506 1417 3588 lv,

12 3565 14 3696 i
284 3617 306 3680 2
312 3665 322 3699 ,
348 3615 388 3680 19
414 3615 463 3680 ‘Er
490 3622 578 3681 adire
610 3623 691 3684 lubet
718 3625 866 3684 bominem
898 3630 927 3681 ee
955 3627 1053 3682 autem
1079 3623 1167 3682 nimis
1193 3637 1262 3684 ewa
1292 3625 1421 3686 umculeo

284 3729 406 3808 lubens,
433 3724 518 3791 haud
540 3726 739 3792 haesitanter
767 3731 799 3793 et
820 3728 882 3793 hac
904 3727 1089 3812 stribligine
1111 3729 1144 3791 et
1165 3729 1259 3812 pravi
1281 3729 1318 3794 in
1340 3731 1423 3794 adiru'

285 3839 437 3902 accentus
467 3837 544 3900 vitio
573 3838 620 3903 sic
645 3837 847 3903 liberandum
875 3838 919 3902 sit
945 3837 995 3902 'El
1017 3841 1105 3901 odire
1126 3843 1277 3904 hominem
1299 3843 1378 3905 leber
1396 3851 1422 3902 el

285 3954 373 4012 rumis
401 3945 585 4012 autemeam
607 3971 688 4013 nune
711 3951 848 4014 ausculto
869 3953 982 4014 lubens.
1027 3945 1120 4012 Vnde
1150 3968 1352 4034 consequens
1379 3951 1421 4012 est

285 4057 377 4121 utin
401 4055 588 4120 Mercatoris
610 4077 703 4121 versu
725 4057 997 4141 quadrisyllabam
1024 4057 1160 4121 formam
1188 4079 1256 4124 non
1279 4059 1421 4145 probabi·

285 4167 359 4230 litas
381 4169 509 4230 tantum
532 4167 741 4250 commendet,
766 4167 820 4232 sed
844 4168 954 4252 exigat
975 4167 1163 4232 necessitas:

354 4396 380 4462 ¹³)
399 4393 460 4464 [Hic
478 4411 549 4468 quae
568 4393 634 4468 olim
652 4393 855 4464 adnotavimus,
873 4413 958 4470 supra
974 4395 1068 4468 posita
1084 4395 1149 4450 tuni
1165 4413 1194 4470 P·
1206 4402 1255 4452 401
1276 4401 1307 4454 ei
1324 4399 1390 4468 aba]
