2980 5148
270 369 333 433 272
577 447 583 458 .
610 379 832 427 enossanrvn
855 379 1069 428 ensvsruvu.

357 535 416 598 103
438 537 636 612 efflictim:
659 530 779 614 Amph.
804 531 829 613 Ι,
852 533 883 614 3,
910 532 949 596 19
972 534 1076 614 (517);
1102 531 1171 596 vide
1194 531 1234 596 ad
1257 535 1277 612 ἓ
1300 535 1342 598 ll.

358 643 418 708 104
439 649 588 708 tuatim:
620 641 664 706 ib.
689 640 732 723 ΙΙ,
767 643 795 724 1,
829 641 962 724 4(554)
986 643 1258 722 Mila'praedicris.
1281 645 1333 706 So.
1352 664 1390 706 ec·

269 757 348 832 ecre',
373 760 433 817 iam
454 755 559 818 tuatim
583 753 683 816 Facis.
727 749 803 814 Non
825 750 886 814 sihi
909 751 1108 826 intellectum
1123 751 1265 816 Plautini
1285 753 1392 818 librarii

268 865 304 928 in
326 877 359 929 ta
382 873 480 928 aulem
503 863 684 943 mutarunt3
714 864 882 924 servarunt
903 859 1028 924 Nonius
1050 883 1081 944 p.
1109 861 1169 924 179
1191 865 1223 924 et
1245 861 1392 926 Charisius

269 974 301 1038 II
324 997 357 1057 p.
383 973 444 1037 196
466 971 503 1036 P.
528 971 601 1055 (221
626 969 691 1053 Κ),
725 991 788 1053 quo
810 973 891 1034 teste
914 969 979 1032 iam
1001 969 1138 1034 Sisenna
1159 969 1239 1034 illud
1261 971 1394 1056 designa-

269 1087 369 1165 verat,
404 1085 453 1146 ‘al
474 1086 650 1146 nostratim’
673 1079 796 1144 factem
831 1079 950 1146 dicens.
996 1079 1076 1145 Cum
1108 1087 1228 1146 meatim
1261 1103 1330 1146 cum
1349 1081 1396 1144 alii

269 1192 473 1278 grammatici
494 1191 663 1274 (Donatus,
688 1188 819 1273 Sergius
841 1189 907 1254 sive
923 1189 1063 1270 Servius,
1087 1189 1275 1274 thadonius,
1299 1193 1396 1276 Augu·

271 1304 385 1385 stinus,
420 1301 603 1384 Pompeius)
629 1297 837 1382 contendunt,
861 1303 928 1362 tum
951 1298 1137 1364 Priscianus
1159 1299 1222 1364 Xll
1246 1323 1277 1384 p.
1294 1301 1352 1364 949
1366 1299 1396 1364 P.

271 1413 346 1496 (594
368 1411 436 1494 Η),
475 1411 564 1476 cuius
588 1409 684 1473 verba
706 1422 738 1473 ui
760 1414 892 1473 ‘meatim
911 1412 1007 1487 sacis’
1032 1423 1061 1473 el
1083 1413 1214 1486 ‘facilis’
1238 1411 1322 1474 haud
1341 1410 1398 1474 seio

271 1545 313 1586 an
335 1523 382 1586 sic
404 1521 604 1585 emendanda
626 1520 707 1582 sint:
730 1531 762 1582 ai
783 1525 914 1582 ‘meatim
933 1523 1033 1596 socio’
1056 1531 1085 1584 el
1106 1528 1226 1585 ‘lualim
1243 1524 1350 1598 sacis'.

357 1633 418 1698 105
438 1637 701 1697 somniculose:
725 1627 843 1712 Amph.
867 1628 910 1710 ΙΙ,
936 1631 964 1712 1,
990 1631 1030 1694 75
1052 1629 1140 1712 (622)
1164 1634 1231 1695 aaa
1252 1637 1333 1696 solco
1352 1651 1400 1710 eoo

268 1745 469 1809 somniculose
500 1743 548 1805 eri
576 1747 635 1804 mci
666 1745 794 1818 imperia
822 1741 979 1818 pa'rscaai:
1013 1740 1075 1802 nisi
1103 1739 1148 1804 ibi
1170 1743 1260 1804 arilia
1283 1748 1400 1822 imperia

269 1858 395 1934 e'rcsequi
425 1851 587 1937 praeferes
609 1853 646 1914 ut
667 1849 816 1912 usitatius
838 1869 941 1933 genus
963 1848 1130 1933 loquendi,
1163 1850 1293 1934 quando
1313 1857 1402 1916 meis

269 1965 360 2027 libris
392 1963 521 2046 scriptis
554 1960 654 2024 abest.
700 1959 804 2022 Semel
836 1962 1001 2043 praeterea
1034 1981 1071 2023 eo
1104 1961 1256 2024 adverbio
1279 1961 1402 2025 Plautus

269 2095 344 2138 usus
367 2073 459 2156 Oapt.
482 2071 525 2153 ΙΙ,
551 2073 580 2153 1,
614 2071 654 2134 31
679 2068 769 2153 (227)
795 2073 896 2134 Tarsia
918 2069 1039 2150 incepta
1060 2073 1111 2134 rc's
1132 2081 1184 2148 esl,
1219 2077 1286 2136 hoa
1306 2073 1402 2136 simui·

268 2187 368 2248 calciso
388 2187 445 2246 luoc
468 2181 664 2259 cainonensi.

356 2292 415 2357 106
437 2297 578 2356 simila:
603 2287 721 2373 Amph.
745 2288 788 2372 Π,
814 2291 842 2372 1,
867 2289 908 2353 84
931 2289 1037 2373 (631);
1059 2290 1131 2354 vide
1153 2291 1191 2354 ad
1216 2296 1237 2373 ξ
1263 2293 1315 2358 71.

357 2403 414 2466 107
437 2407 662 2466 examassim
696 2399 768 2483 (pro
801 2421 864 2482 quo
891 2403 1059 2483 peccatum
1081 2402 1251 2486 amussim):
1291 2400 1401 2486 Amph.

268 2514 311 2598 ΙΙ,
343 2512 377 2595 2,
411 2513 475 2577 213
497 2511 586 2595 (843)
621 2513 666 2572 Ne
687 2511 746 2573 isla
767 2515 883 2590 edepol,
919 2516 947 2574 si
966 2515 1042 2576 liaeo
1068 2514 1143 2575 aira
1165 2518 1312 2592 loquitur,
1336 2518 1403 2576 aaa·

268 2630 387 2690 mmsim
398 2635 441 2688 esi
462 2625 593 2702 aplama.
629 2619 726 2683 Redit
747 2619 782 2684 in
794 2619 1022 2702 Menaechmis,
1046 2621 1081 2684 in
1092 2620 1305 2706 Mostellaria,
1328 2621 1404 2707 apud

270 2733 486 2818 antiquarium
510 2729 715 2814 Appuleium.
761 2729 846 2792 Fieri
878 2733 988 2793 tamen
1010 2733 1127 2814 potest,
1163 2735 1199 2794 ut
1220 2733 1258 2796 in
1281 2755 1339 2797 suo
1360 2753 1404 2796 co

159 2889 162 2894 ,
268 2845 337 2909 dice
369 2839 618 2928 glossographus
650 2840 755 2922 ipsum
787 2846 927 2904 amussim
960 2839 1038 2903 illud
1061 2841 1194 2924 legerit,
1231 2842 1404 2906 cumidem

268 2956 366 3019 etiam
387 2951 512 3017 Nonius
534 2953 671 3014 testetur
692 2971 725 3032 p.
749 2948 779 3031 9,
805 2951 836 3012 et
858 2949 1053 3033 sicquidem
1076 2951 1180 3014 verbis
1203 2951 1405 3036 transpositis

268 3065 308 3129 ad
329 3063 509 3148 legitimum
531 3057 748 3144 septenarium
770 3059 977 3142 expleudum:
1013 3067 1040 3124 si
1066 3063 1141 3125 acra
1162 3067 1304 3141 loquitar
1323 3067 1403 3138 llac'c,

268 3181 407 3239 amussim
428 3184 473 3237 est
495 3175 617 3251 optima.
664 3169 799 3232 Accedit
826 3169 909 3253 quod
931 3169 1037 3252 ipsum
1059 3177 1198 3235 amussim
1221 3171 1405 3236 adverbium

268 3285 365 3347 etiam
388 3282 500 3345 Festus
522 3278 615 3342 Pauli
640 3299 672 3361 p.
696 3279 726 3361 6,
761 3278 955 3343 9testatur:
989 3279 1087 3350 unde.
1106 3279 1185 3344 illud
1208 3281 1361 3346 Lucretio
1382 3281 1404 3362 1,

267 3393 328 3458 657
353 3390 548 3474 Bernaysius
570 3388 743 3452 restituens
765 3387 867 3452 Musei
889 3387 994 3452 Rhen.
1011 3393 1034 3452 t.
1052 3388 1132 3453 Vm
1154 3412 1185 3473 p.
1206 3391 1295 3456 160*
1321 3391 1405 3456 aaa

267 3501 361 3565 hodie
394 3499 457 3562 nisi
490 3498 586 3561 fallor
608 3497 651 3562 H.
674 3495 825 3561 Munroni
853 3505 1013 3562 contraria
1035 3506 1122 3572 irasci
1142 3491 1332 3566 emendanti
1353 3523 1406 3586 pro
1479 3561 1480 3570 ,

266 3615 427 3676 contraria
448 3629 538 3672 masc.
554 3645 596 3654 -
619 3607 766 3672 Ceterum
787 3615 980 3691 examassim,
1003 3609 1097 3692 idque
1119 3609 1153 3672 in
1169 3609 1407 3695 Amphitruone
1479 3609 1480 3616 '

267 3721 329 3786 sibi
351 3719 479 3800 lectum,
514 3717 578 3779 iam
600 3715 754 3782 Sisennae
777 3716 912 3802 dignum
933 3718 1035 3782 visum
1057 3739 1126 3782 esse
1148 3721 1233 3803 quod
1256 3722 1405 3806 explana-

266 3836 326 3914 ret,
351 3827 515 3894 Charisius
538 3825 631 3891 docet
651 3828 682 3891 ΙΙ
704 3850 736 3911 p.
762 3828 822 3891 178
844 3828 919 3910 (198
941 3827 1013 3909 K.):
1052 3829 1092 3892 cf.
1115 3827 1286 3915 Parergon
1311 3831 1370 3896 vol.
1393 3831 1405 3893 l

265 3964 297 4026 p.
321 3937 395 4004 385.
426 3975 469 3986 -
501 3935 639 4000 Vbcrius
671 3941 704 4001 et
735 3941 915 4002 examussim
944 3941 977 4001 et
1010 3943 1215 4004 adamussim
1238 3939 1406 4005 Bentleius

265 4049 417 4115 tractarit
439 4047 478 4110 acl
501 4045 647 4130 Hecyrae
668 4047 694 4130 Ι,
718 4049 748 4130 2,
773 4047 824 4112 88.
1355 4043 1361 4050 ’

351 4158 411 4222 108
433 4163 726 4236 susquedeque:
749 4155 869 4242 Amph.
892 4157 952 4238 III,
974 4157 1006 4240 2,
1028 4159 1049 4221 5
1073 4155 1159 4244 (886)
1182 4165 1286 4240 Almia
1308 4163 1344 4226 la
1362 4181 1404 4226 aa

265 4289 371 4348 susque
403 4269 500 4347 depae
532 4287 595 4330 esse
621 4269 792 4333 hobilarcim
826 4280 923 4346 palat.
973 4267 1022 4331 De
1059 4267 1154 4332 Gellii
1183 4267 1282 4353 XVI,
1308 4273 1329 4336 9
1356 4273 1404 4334 de-

266 4400 325 4462 que
356 4376 439 4438 Festi
468 4399 500 4460 p.
523 4376 587 4440 290
608 4377 811 4440 enarratione
845 4381 911 4442 eius
943 4378 1112 4442 locutionis
1131 4380 1224 4442 ‘satis
1264 4385 1403 4446 constat.
1477 4429 1478 4477 p
