2996 5148
375 401 649 452 nussnsrrosss
672 401 905 452 uusoscoms.
1153 387 1217 453 403

97 559 175 617 tescit
193 553 318 618 admisit
345 558 377 618 et
404 576 524 640 magno
551 577 683 621 numero
707 555 883 642 composito
904 555 1052 641 probavit
1074 560 1217 620 obardes·

96 685 153 727 cere
171 669 343 730 obarescere
357 671 548 731 obatrescere
562 671 769 732 obbrutescere
787 673 984 732 occallescere
999 671 1217 753 obdormiscere

95 779 271 840 obdurescere
301 780 514 841 obbuerescere
541 783 774 857 oblaupuesaere
801 783 972 842 oblitesccre
1005 783 1137 844 obliuisci
1168 782 1216 842 ob·

93 905 261 951 mucorem
288 891 489 952 obmutescere
511 894 718 968 occallescere
745 892 932 966 obriaeseere
959 893 1142 954 obsolescere
1169 893 1216 952 ab·

92 1001 247 1061 solescere
276 1003 482 1078 obstupescere
509 1004 720 1064 obsurdescere
753 1004 962 1079 obtorpescere
995 1005 1215 1078 obturpescere.

92 1104 194 1180 Quodsi
214 1109 269 1193 qui
292 1111 347 1173 aut
368 1109 577 1174 obdurescere
600 1113 696 1194 etqm
718 1109 796 1174 odeo
826 1109 1036 1174 occallescere
1059 1108 1098 1172 ad
1120 1109 1217 1174 rubio-

91 1238 167 1302 nem‚
200 1219 250 1282 cui
280 1240 374 1283 auere
400 1241 543 1286 unescere
569 1241 637 1284 non
664 1220 769 1306 magis
797 1242 892 1304 quam
925 1241 1029 1285 seuere
1063 1241 1218 1285 senescere

89 1333 267 1412 repugnant,
291 1333 347 1394 sut
368 1329 409 1394 ud
432 1330 626 1396 coniecburis
649 1332 793 1416 quumvis
814 1330 929 1394 timido
950 1331 1030 1416 pede
1050 1329 1217 1395 obhaeres·

91 1459 148 1502 cere
169 1441 403 1524 consueverint,
427 1445 511 1506 esto:
534 1464 597 1526 pax
618 1441 711 1506 nobis
733 1440 783 1506 vel
806 1463 878 1505 cum
896 1442 967 1506 istis
983 1441 1059 1506 erit:
1083 1441 1217 1508 auctori·

87 1549 137 1612 uu
159 1555 241 1616 certe
266 1573 332 1616 non
355 1552 599 1636 obsurdescent,
624 1553 679 1616 sed
701 1551 924 1617 obmutescent
945 1552 1133 1638 planissimo
1155 1557 1216 1616 tes·

87 1659 203 1726 timonio
229 1661 318 1748 quod
348 1665 396 1728 esb
423 1662 458 1726 in
486 1663 601 1748 glossis
623 1662 808 1728 Philoxeni:
847 1665 957 1728 ‘ansb
985 1669 1111 1748 γηρᾷ.’
1144 1661 1217 1749 [His

57 1805 58 1808 =
84 1771 113 1832 in
135 1771 216 1838 Dies.
241 1771 277 1836 X
299 1771 385 1857 p.V
416 1772 521 1838 addidi
551 1795 631 1857 quae
659 1776 850 1858 sequuntur:
888 1773 955 1866 ‘In'
972 1773 1217 1859 lexicographos

82 1883 265 1968 nescioquo
289 1904 394 1948 errore
416 1883 556 1968 iniquior
577 1883 624 1948 fui
647 1883 686 1949 de
708 1905 801 1949 ancre
822 1884 920 1948 serbo
941 1883 1119 1968 disputans.
1158 1883 1217 1948 Cui

45 2025 48 2030 ·
81 1989 120 2055 illi
148 1998 281 2078 praebet
312 1993 469 2079 glossaria
502 1995 601 2058 eliam
633 1994 862 2080 grammaticos
894 1997 993 2060 besbes
1024 1994 1215 2078 ascivemnb,

81 2099 211 2169 barium
241 2105 386 2188 Caprum
420 2127 452 2188 p.
476 2105 561 2170 2240
591 2127 662 2170 cum
698 2112 801 2170 sordet
827 2117 894 2171 acet
921 2115 993 2170 unet
1017 2114 1108 2186 floret
1137 2109 1217 2170 tabet

79 2221 182 2292 squalet
201 2220 351 2296 splendet
371 2222 450 2295 cipet
472 2227 540 2280 uret
558 2219 706 2297 perfectis
727 2223 879 2297 inceptiva
895 2218 1139 2301 componentem
1153 2237 1217 2281 sor-

79 2328 162 2388 deecit
182 2331 302 2392 acescit
324 2334 439 2390 acescit
457 2333 593 2405 florescit
617 2324 763 2413 [tabescit]
787 2334 951 2406 squalescit
971 2331 1154 2406 splendescit
1176 2333 1217 2390 vi·

12 2431 17 2440 '
74 2441 158 2508 uescrt
178 2441 316 2518 arescit3
337 2436 415 2500 item
432 2436 620 2521 Pompeium
644 2437 817 2502 commenti
837 2459 869 2522 p.
886 2437 949 2504 283
973 2434 1047 2524 [222
1061 2434 1115 2520 K.]
1140 2457 1217 2500 aueo

78 2565 139 2609 cum
158 2569 248 2613 seroeo
278 2551 311 2610 eb
332 2553 420 2627 quiec
442 2546 640 2634 sociantem]
