2996 5148
433 400 649 462 vsuenocvm
672 400 859 448 suevum.
1153 386 1218 450 429

97 556 215 630 Quorum
243 554 350 639 priore
377 553 441 618 iam
469 554 670 639 intelleffl‘tnr
698 575 758 619 nec
784 554 888 618 fulcro
917 553 1167 640 ‘paragogicae’
1197 561 1219 618 d

98 665 201 730 litterae
223 685 304 750 opus
326 685 395 730 esse
417 686 478 730 neo
500 664 676 749 praemisse
699 665 740 728 ab
755 663 943 728 Hermanno
959 671 1019 730 ium
1041 664 1216 748 particule:

97 795 143 839 uec
160 775 262 862 magis
284 797 331 840 me
351 775 541 861 pronomine
562 775 596 840 in
620 773 805 859 posteriore,
829 773 910 858 quod
933 777 966 838 et
980 777 1108 858 praeter
1122 773 1217 839 fidem

98 884 229 950 librorum
252 890 285 950 et
306 907 348 951 ne
370 887 440 951 loco
462 885 590 970 quidem
612 907 669 949 suo
691 884 834 948 additum
856 887 906 948 est
928 906 947 948 a
970 884 1162 950 camerario.

162 995 204 1060 Et
224 995 305 1060 haec
327 997 455 1081 quidem
482 995 621 1082 quinque
650 994 796 1080 exempla
825 999 912 1060 coitu
940 1017 1008 1060 esse
1029 995 1219 1080 pronuntia·

97 1127 159 1169 mus.
201 1105 254 1172 Ad
286 1129 419 1192 quorum
452 1105 694 1171 similitudinem
726 1104 863 1170 fortasse
894 1104 1007 1170 licebit
1039 1105 1078 1169 de
1105 1105 1218 1190 quinto

98 1217 247 1300 suspicari,
283 1217 309 1282 si
339 1216 432 1280 modo
460 1237 523 1281 non
554 1216 690 1280 nimium
718 1215 878 1280 videbitur
906 1214 1152 1300 Amphitmonis
1174 1215 1217 1299 II,

97 1323 121 1405 t,
140 1325 175 1389 le
198 1323 284 1414 [706]
312 1327 409 1391 verbe
437 1339 470 1392 ol
486 1333 543 1408 pol
570 1333 642 1407 quin
670 1338 756 1391 certo
784 1348 833 1390 res
862 1331 952 1390 Hauc
979 1338 1022 1390 est
1056 1332 1220 1406 obtorpuere

98 1457 160 1512 quoe
182 1457 229 1500 me
255 1443 346 1502 hodie
380 1443 589 1504 advenientem
622 1443 740 1502 domiue
770 1441 910 1500 Noluerit
935 1443 1074 1502 solutore
1102 1437 1150 1500 vel
1179 1435 1266 1512 al,

97 1543 165 1610 banc
185 1547 322 1630 speeiem
346 1569 510 1614 revocare:
616 1557 622 1570 ‘

729 1691 760 1748 at
782 1689 834 1764 pol
856 1689 930 1765 quin
952 1691 1033 1748 certa
1055 1691 1117 1748 rest

163 1773 248 1834 Hisne
270 1775 456 1852 obiurigare,
487 1793 563 1851 quac
585 1774 653 1833 med
675 1773 766 1833 hodie
789 1774 997 1832 advenientem
1020 1773 1141 1833 domum
1163 1794 1219 1832 -τ

95 1901 134 1966 vel
152 1906 248 1970 ctiam
269 1905 446 1990 simplicius
470 1905 510 1969 ad
532 1904 631 1970 hano:
654 1916 739 1970 certo
755 1925 803 1968 res
818 1909 906 1970 Hunc
922 1910 1123 1982 otiuriqurest
1144 1925 1222 1984 quoe

95 2019 151 2076 med
174 2037 199 2079 e.
223 2039 255 2100 q.
279 2017 344 2100 s.*)
373 2015 553 2081 Memorato
580 2015 695 2079 saltem
722 2036 788 2080 nou
811 2014 981 2098 indignum
1003 2017 1052 2078 est
1074 2014 1157 2100 quod
1179 2036 1220 2079 ne

94 2120 137 2186 hic
160 2126 284 2209 quidem
313 2125 445 2210 plenum
475 2129 507 2190 et
535 2124 669 2210 simplex
698 2125 831 2189 verbum
858 2123 955 2208 plane
977 2127 1010 2188 et
1032 2125 1221 2208 simpliciter

96 2234 233 2319 scriptum
256 2235 358 2302 Vetus
383 2236 480 2301 codex
504 2235 650 2320 exhibet,
675 2235 730 2299 sed
754 2221 943 2300 correctura'
957 2234 1084 2299 demum
1107 2257 1220 2300 manus

94 2345 235 2411 secundae
265 2351 321 2412 eut
343 2367 382 2411 ex
405 2351 545 2412 obmrure
573 2349 629 2410 aut
658 2367 695 2409 ex
719 2351 863 2423 obmyore
884 2345 1042 2410 effectum.
1087 2345 1136 2410 De
1158 2367 1221 2430 quo

93 2453 187 2520 tumen
208 2461 246 2521 ut
269 2478 341 2521 cum
364 2456 565 2521 dubitatione
588 2455 816 2539 existimemus
839 2455 918 2520 illud
937 2477 996 2521 nos
1017 2459 1124 2520 movet
1139 2456 1222 2540 quod

50 2591 53 2600 J
93 2565 213 2631 eundem
242 2566 411 2652 Plautum,
448 2571 559 2632 contro
593 2570 689 2650 atque
718 2566 752 2630 in
780 2564 938 2630 similibus
973 2565 1100 2631 evenire
1129 2564 1220 2648 solet,

91 2677 198 2740 certum
227 2681 371 2742 estnon
400 2657 581 2742 constitisse
609 2676 671 2741 sibi
698 2677 792 2741 unius
820 2677 942 2741 formae
971 2699 1045 2760 usu,
1075 2677 1130 2740 sed
1152 2698 1222 2760 pro·

90 2783 197 2850 miscuo
219 2791 390 2872 utramque
416 2789 569 2872 posuisse.
615 2786 684 2851 Nec
706 2787 792 2851 enim
820 2785 885 2850 ullo
906 2790 1002 2872 pacto
1024 2787 1121 2851 dubia
1144 2791 1220 2850 sunt
1239 2806 1288 2856 vm

89 2899 265 2962 contractae
288 2897 449 2982 exempla,
479 2899 541 2962 nisi
564 2897 648 2983 quod
669 2919 728 2962 nos
750 2897 851 2982 fugit,
881 2897 957 2961 item
982 2899 1120 2981 quinque
1144 2895 1220 2961 Our-

91 3004 213 3072 culionis
235 3007 264 3091 Ι,
288 3007 320 3091 3,
347 3009 386 3074 15
409 3007 495 3097 [171]
505 3058 513 3090 ‚
538 3007 725 3072 Mercatoris
747 3007 796 3091 ΙΙ,
821 3008 857 3090 2,
881 3007 933 3070 49.
957 3007 999 3072 50
1023 3004 1108 3094 [321.
1132 3005 1220 3094 322],

87 3112 258 3183 Trinummi
280 3117 354 3184 680.
379 3118 435 3183 96:

160 3258 255 3320 Recte
279 3261 436 3338 obiurgat:
460 3262 531 3320 siene
553 3261 633 3320 haud
657 3261 857 3357 quicquamst,
880 3259 977 3336 metgis
1000 3258 1081 3335 quod
1104 3259 1223 3335 cupium

158 3427 206 3490 Ne
228 3434 273 3492 sis
297 3451 343 3489 me
367 3431 506 3508 obiurga:
530 3431 587 3490 hoo
607 3431 669 3490 non
689 3345 834 3489 ffiffls·
853 3449 900 3487 mc
922 3431 1045 3506 inpulit.

161 3514 243 3584 Quin
266 3515 329 3574 non
351 3517 489 3594 obiurgo.
533 3515 576 3574 At
596 3519 635 3574 ne
658 3515 836 3573 deteriorem
858 3519 959 3573 tamen
980 3549 1031 3573 -.

160 3597 220 3659 sed
244 3604 282 3660 tu
306 3601 468 3678 obiurgans
490 3621 537 3660 me
560 3603 577 3659 le
599 3600 729 3676 peccetis
751 3599 833 3674 ripis
856 3599 1034 3660 deteriorem
1058 3605 1091 3660 ln
1113 3601 1202 3661 viam.

159 3683 193 3744 Si
216 3685 249 3744 id
274 3685 337 3744 non
359 3705 405 3744 me
428 3705 558 3759 accusas
581 3688 647 3744 tute
671 3685 895 3760 obiurgandu's.
934 3685 1012 3745 Scio.

81 3809 159 3880 Nam
180 3815 303 3882 horum
323 3816 473 3882 ultimum
494 3817 700 3901 quantumvis
722 3816 862 3900 proclive
876 3815 975 3882 fuerit
990 3818 1036 3881 sic
1050 3817 1224 3881 terminare

83 3933 139 3987 tute
160 3925 225 4006 (vel
249 3927 376 4014 tuipse)
401 3934 620 4008 obtortoandus
640 3949 682 4006 es,
706 3929 817 3990 tamen
839 3931 910 3992 Scio
931 3949 1008 3992 voce
1030 3927 1065 3990 in
1087 3926 1224 4010 proximi

142 4149 167 4218 ²)
188 4150 264 4222 [Hos
283 4165 380 4204 versus
397 4165 470 4204 nunc
487 4145 533 4203 vix
556 4147 653 4204 dubito
677 4147 744 4217 quin
766 4148 868 4202 rectius
886 4145 1079 4202 Fleckeisenus
1097 4146 1225 4200 tractarit

84 4239 255 4298 inMiocellis
276 4243 380 4297 criticis
399 4241 519 4312 (Lipsiae
538 4241 620 4297 editis
638 4259 662 4296 a.
683 4245 760 4312 1864)
778 4259 805 4312 p.
820 4248 860 4308 32,
879 4241 926 4295 ubi
943 4240 1014 4294 tales
1033 4239 1190 4292 constituit:

841 4361 872 4414 at
888 4359 935 4429 pol
954 4357 1001 4426 qui
1019 4359 1158 4413 certares

145 4429 224 4487 Hunc
243 4432 290 4486 cst
311 4430 468 4500 obiurgtre‚
486 4447 559 4500 quae
577 4447 621 4485 me
638 4430 754 4486 hocedie
767 4427 960 4485 advenientem
978 4427 1091 4480 domum
1103 4429 1156 4498 —·.]
