3002 5146
402 337 625 387 anossaarvn
647 337 862 386 etavumvn.
1140 321 1204 388 239

88 491 154 554 nodi
188 512 273 554 error
307 491 335 553 si
372 495 515 574 serperet
548 490 691 575 longius,
731 489 899 573 paullatim
936 491 1042 574 potuit
1073 491 1106 553 in
1140 489 1203 554 XII

89 601 290 682 posterioribus
329 603 439 664 tantas
478 600 591 664 turbas
624 620 808 684 procreare,
851 603 990 682 quantas
1023 621 1095 664 eum
1127 600 1204 664 ordo

88 709 124 772 lV
150 713 179 773 et
208 708 238 772 V
269 711 432 773 testantur
470 712 539 772 tum
578 709 684 792 ipsum
723 709 914 793 glossarium
953 712 1109 774 nostrum.
1163 708 1203 772 In

88 839 135 901 quo
153 820 229 903 quod
250 819 421 904 Epidicum
443 819 563 903 excipit
585 819 796 900 Menaechmi,
820 819 853 882 id
874 819 980 903 ipsum
1002 839 1202 902 nequaquam

87 928 240 992 sottanam
261 931 320 1011 est,
344 929 399 992 sed
422 928 568 1012 exempla
589 928 687 992 habet
710 929 807 992 trium
830 928 974 993 codicum
995 949 1111 992 novem
1132 931 1203 992 tan·

88 1041 141 1100 tam
157 1038 278 1102 fabriles
302 1037 584 1122 complectentium
606 1037 639 1102 h.
664 1059 692 1102 e.
716 1041 788 1102 octo
802 1038 961 1122 prioribus
977 1037 1204 1103 Menaechmus

87 1147 281 1230 iungentium:
315 1147 484 1212 Vrbinatis
506 1147 569 1212 655
590 1169 688 1231 supra
709 1147 775 1211 iam
798 1149 1047 1231 commemorati,
1071 1147 1203 1213 01111110-
1226 1153 1243 1202 Χ

88 1257 158 1320 niani
181 1253 258 1322 1697
282 1261 315 1320 et
329 1257 487 1322 Perusini.
504 1293 547 1305 —-
567 1257 719 1342 Reliquas
741 1261 849 1322 autem
870 1257 1009 1341 fabulas,
1032 1280 1113 1342 quae
1128 1262 1205 1322 aunt

88 1366 200 1449 priores,
224 1370 359 1451 apparet
381 1371 432 1431 sat
453 1371 541 1431 recte
563 1367 597 1430 in
620 1368 731 1430 eodem
752 1367 809 1431 illo
830 1367 987 1452 glossario
1010 1390 1077 1433 esse
1100 1368 1205 1452 dispo·

86 1475 162 1538 sitas:
195 1476 322 1560 quando
344 1475 540 1559 Amphitruo
567 1476 664 1540 simili
688 1499 780 1558 casu,
815 1480 911 1560 atque
932 1479 967 1541 in
990 1477 1204 1542 Ambrosiano

89 1585 186 1648 accidit
206 1589 240 1649 et
260 1584 421 1651 Vaticano
446 1587 543 1669 1633,
567 1587 713 1669 potuita
735 1587 895 1670 principio
917 1585 1041 1651 divulsa
1061 1587 1124 1671 ipsi
1146 1587 1203 1651 fini

85 1693 299 1760 adhaerescere.
334 1694 418 1759 Nam
441 1695 501 1759 etsi
523 1699 690 1779 praeterea
713 1696 840 1779 inipso
862 1696 955 1760 initio
977 1696 1126 1781 glossarii
1148 1696 1204 1760 ali·

86 1803 146 1885 qnid
164 1827 239 1870 sane
260 1804 425 1868 turbatum
448 1809 506 1888 est,
529 1809 639 1869 tamen
662 1806 694 1869 id
711 1805 750 1868 ad
765 1806 909 1870 ordinem
924 1806 1108 1870 fabularum
1123 1806 1205 1870 nihil

84 1915 214 1997 pertinet,
238 1915 294 1979 sed
316 1915 356 1978 ad
378 1915 558 1999 glossarum
579 1915 686 1998 potius
709 1919 742 1978 et
763 1915 929 1980 nominum
951 1920 1098 1981 mutuum
1119 1918 1205 1980 inter

85 2043 140 2087 sese
158 2025 326 2089 ordinem
355 2028 502 2108 Apparet
523 2025 625 2108 enim,
658 2025 712 2110 qui
733 2025 813 2090 haec
836 2025 986 2090 adverbia
1009 2029 1203 2110 excerperet,

84 2131 120 2194 ita
137 2155 198 2197 rem
219 2135 415 2218 instituisse,
446 2137 484 2198 ut
504 2135 583 2218 ipsis
605 2135 758 2219 exemplis
780 2136 1003 2220 praemitteret
1023 2122 1227 2200 fabularum'

83 2243 209 2308 nomina:
246 2266 381 2327 eamque
415 2245 573 2309 rationem
593 2247 723 2328 praeter
744 2267 844 2308 unum
865 2245 995 2309 initium
1017 2249 1204 2310 constanter

83 2355 220 2417 servatam
251 2353 407 2418 videmus.
450 2353 516 2419 Hic
544 2355 630 2420 enim
652 2358 709 2418 aut
730 2354 799 2438 ipse
822 2357 878 2418 aut
900 2355 1015 2438 aliquis
1037 2356 1203 2438 postmodo

83 2457 212 2528 librarius
244 2464 389 2528 animum
415 2463 543 2528 induxit
564 2464 760 2528 contrarium
782 2464 926 2529 ordinem
948 2465 1054 2550 sequi,
1092 2466 1204 2530 sedin

83 2590 111 2630 eo
130 2574 255 2637 consilio
279 2595 346 2637 non
367 2575 541 2657 persistens
564 2573 674 2638 statim
690 2573 730 2638 ad
746 2573 881 2638 alterum
896 2575 1002 2640 rediit.
1035 2574 1206 2639 Pertinent

81 2680 151 2744 euim
167 2691 330 2763 paulisper
352 2691 498 2764 tantisper
520 2683 646 2768 glossae
668 2683 708 2747 ad
723 2683 923 2748 Asinariam:
946 2705 1138 2769 quamquam
1157 2685 1205 2749 in·

83 2793 208 2857 vertendi
230 2793 354 2858 ordinis
377 2793 545 2858 consilium
566 2793 646 2857 illud
667 2793 759 2858 simul
783 2793 844 2857 hoc
865 2794 987 2876 effecit,
1021 2797 1145 2858 utnon
1167 2815 1205 2858 eo

81 2901 124 2981 qui
141 2904 173 2966 in
194 2905 298 2988 ipsius
320 2903 448 2967 fabulae
471 2902 717 2968 coadunitatem
740 2904 892 2968 convenit
912 2904 1023 2968 ordine
1038 2925 1107 2978 sese
1123 2903 1204 2966 exci-

80 3009 157 3091 piant
185 3021 350 3093 paulisper
371 3021 518 3093 tantisper
546 3019 711 3088 blanditer,
748 3035 830 3098 quae
852 3014 899 3077 sic
921 3013 1025 3097 potius
1049 3012 1204 3076 collocan-

80 3119 128 3184 dae
146 3129 252 3188 eraut:
274 3129 429 3188 blanditer
450 3124 491 3209 (Ι,
507 3125 538 3206 3,
555 3124 622 3209 69),
647 3131 795 3204 tantisper
820 3123 893 3208 (III,
910 3123 941 3204 3,
958 3121 1025 3208 96),
1046 3127 1206 3202 paulisper

79 3227 123 3312 (l',
144 3232 172 3314 2,
194 3235 262 3318 30).
310 3233 396 3298 Nam
418 3235 515 3299 etiam
537 3233 592 3318 qui
613 3233 741 3319 longius
763 3233 866 3317 petita
888 3232 1071 3298 coniectura
1090 3237 1204 3312 paulis-

77 3360 124 3415 per
143 3351 292 3424 tantisper
313 3365 407 3409 voces
429 3343 492 3408 hue
513 3343 686 3427 inrepsisse
709 3365 726 3408 e
747 3367 778 3408 v.
794 3345 815 3409 3
829 3343 1018 3427 suspicetur,
1042 3342 1098 3406 ubi
1113 3346 1204 3426 potu·

79 3451 149 3515 erint
169 3453 289 3517 allatae
312 3475 380 3518 esse
403 3452 660 3537 eBaechidibns,
684 3454 852 3518 rectiorem
874 3453 1018 3517 ordinem
1039 3475 1105 3517 non
1125 3475 1205 3520 nan·

81 3559 215 3647 niscatur,
252 3586 327 3628 eum
350 3563 383 3626 ia
406 3563 467 3627 hac
488 3562 600 3627 fabula
618 3571 777 3644 paulisper
798 3563 926 3648 legatur
947 3561 1012 3645 ΠΙ,
1041 3563 1077 3646 3,
1112 3564 1150 3627 12
1172 3569 1205 3628 et

79 3669 125 3752 li,
152 3681 303 3754 tantisper
325 3671 374 3756 Π,
403 3673 439 3756 3,
472 3673 541 3738 106.
592 3671 664 3737 Nisi
686 3673 769 3736 forte
791 3672 832 3736 ad
854 3673 1054 3757 deperditum
1075 3673 1204 3738 fabulae

79 3777 188 3847 initium
209 3783 292 3848 illud
310 3789 470 3862 paulisper
490 3781 602 3847 itidem
625 3783 761 3864 referas,
795 3785 919 3847 utnon
941 3787 1049 3867 potest
1069 3805 1132 3847 nou
1156 3785 1204 3848 in·

79 3887 167 3955 didam
189 3895 380 3976 excerptum
402 3915 469 3956 esse
491 3915 619 3958 noenum
637 3915 698 3973 pro
721 3914 794 3957 nan.
838 3891 922 3957 Nam
945 3891 1008 3956 huc
1024 3895 1060 3955 ut
1073 3892 1204 3955 tandem

79 3997 244 4086 lavernam,
282 4003 509 4086 antiquitatem
530 4001 675 4068 Plautini
696 4003 844 4087 glossarii
867 4001 1003 4065 maxime
1026 3999 1086 4064 hoc
1107 4003 1204 4064 testa·

79 4111 134 4194 tur,
164 4113 248 4197 quod
283 4133 352 4176 non
384 4115 511 4176 tantum
533 4111 733 4177 Vidulariam
754 4113 840 4176 illins
862 4111 999 4194 scriptor
1020 4109 1115 4194 legit,
1149 4110 1205 4174 sed

79 4218 160 4282 etiam
180 4220 471 4304 Amphitruonem,
507 4221 683 4287 Bacchides
717 4224 804 4308 (cum
825 4219 1008 4302 Aulularia,
1045 4219 1105 4283 etsi
1129 4241 1204 4286 casu

79 4325 184 4396 lachim
206 4334 244 4395 nt
267 4351 308 4402 ex
332 4333 399 4396 eius
421 4333 508 4396 exitu
529 4355 616 4396 nunc
638 4333 801 4418 deperdito
815 4330 896 4394 nihil
913 4331 1134 4416 expromptum
1148 4332 1204 4426 sit)
