3002 5146
264 334 327 397 200
557 349 625 394 neu
649 333 855 394 umuliunnu
879 346 1109 394 puniuesusu:

265 501 465 588 gesproehen
500 501 616 564 wurde.
661 500 771 564 Wenn
808 502 916 564 fernen
951 501 986 564 in
1023 499 1085 564 den
1119 499 1401 584 unrhythmiseheu

266 613 402 676 Worten
424 619 517 676 multo
539 619 605 676 volo
628 623 723 676 tecum
745 618 830 689 loque·
850 617 888 674 cle
909 632 944 673 re
966 617 1027 674 uiri
1047 609 1097 673 die
1121 609 1286 674 Glosseme
1309 611 1402 674 besei-
1496 620 1497 700 t

266 723 331 808 tigt
353 721 490 803 werden,
515 743 550 784 so
572 722 661 785 kann
684 721 740 784 das
763 741 865 805 ganze
882 719 1053 786 Canticum
1073 720 1132 784 mit
1154 720 1228 784 sehr
1251 721 1403 806 geriugeu
1496 705 1497 712 ἵ

266 815 544 916 Veriinderungen
571 853 605 895 so
633 830 843 916 gesehrieben
871 831 1015 912 werden,
1047 830 1120 893 dass
1154 851 1187 894 es
1221 829 1320 894 theiis
1353 853 1406 894 eus

263 943 373 1025 jenem
394 962 457 1004 von
479 940 557 1005 Reiz
580 941 774 1006 enideekten
801 940 957 1023 Mettum,
987 939 1083 1003 theiis
1112 961 1168 1003 uus
1191 941 1406 1024 vierfiiszigen

267 1051 412 1134 Iamben,
435 1050 531 1114 theils
548 1073 604 1114 eus
621 1050 800 1132 Beocheen,
824 1049 920 1114 theiis
943 1072 1000 1114 aue
1018 1049 1270 1134 nnoptstieoheu
1287 1050 1407 1116 Verseu

267 1159 411 1244 besteht,
436 1161 502 1224 und
525 1160 632 1224 wurde
654 1159 810 1224 demnaeh
835 1164 917 1223 etwe
941 1182 975 1223 so
996 1159 1123 1223 leuton:

201 1317 252 1365 760
310 1319 373 1376 PA.
396 1317 491 1377 Credo
515 1337 570 1394 ego
593 1319 789 1393 Penelopim,
814 1337 911 1390 soror,
935 1318 1075 1376 miserim
1097 1337 1151 1376 suo
1175 1337 1210 1375 ex
1233 1321 1354 1390 animo,

397 1401 479 1472 Quae
501 1403 617 1460 temdiu
640 1403 731 1460 viduo
753 1404 806 1461 suo
829 1393 894 1462 viro
917 1406 1029 1461 ceruit:
1058 1421 1128 1460 nam
1151 1403 1215 1461 eius
1238 1405 1375 1462 animum

395 1488 440 1545 De
462 1487 572 1546 nostris
596 1488 683 1546 factis
705 1488 870 1558 noscimuS,
895 1490 1021 1562 querum
1044 1487 1101 1546 viri
1123 1487 1193 1545 hino
1215 1489 1346 1554 obsunt.

397 1569 589 1648 Quonimque
611 1591 666 1630 nos
688 1573 817 1649 negotiis
841 1573 999 1631 absentum
1023 1571 1080 1642 ita,
1103 1575 1139 1628 ut
1162 1591 1297 1647 aequum
1321 1577 1375 1641 est,

269 1663 285 1712 5
398 1655 552 1714 Sollicitue
573 1659 676 1714 noctes
700 1661 730 1714 et
752 1657 831 1728 dieo,
855 1657 948 1728 soror,
973 1655 1070 1713 sumu’
1093 1675 1219 1730 semper.

326 1741 375 1798 ΡΙ.
398 1741 543 1799 Nostrum
565 1741 697 1799 officium
720 1761 849 1816 aequum
872 1745 917 1798 eet
940 1743 1035 1798 sonere
1057 1759 1122 1812 nos,
1146 1760 1245 1816 neque
1271 1743 1305 1800 id
1328 1743 1415 1817 megi

879 1827 1019 1896 facimus,

398 1907 494 1978 Quam
516 1911 570 1968 nos
592 1913 695 1969 monet
716 1911 824 1985 pietim.
869 1909 928 1968 Sed
950 1909 1015 1980 hio,
1038 1928 1105 1966 mee
1128 1910 1227 1982 soror,
1260 1912 1417 1970 ossisdum.

399 1995 476 2052 Volo
499 1999 597 2053 tecum
620 1995 656 2053 de
678 1999 710 2053 re
732 1995 799 2053 viri.
843 1995 906 2052 PA.
930 1993 1091 2066 Salmone,
1116 1994 1249 2052 amabo?

327 2080 377 2138 ΡΙ.
402 2079 495 2156 Spero
519 2081 640 2155 quidem
663 2084 693 2138 et
714 2080 797 2138 volo:
822 2080 873 2138 sed
895 2079 965 2150 hoo,

274 2167 306 2218 10
403 2164 508 2236 Soror,
533 2165 661 2236 crucior,
685 2168 801 2240 petrem
823 2167 910 2222 tuum

398 2250 559 2324 Meumque
582 2250 671 2320 odeo,
695 2269 772 2307 unus
796 2248 847 2324 qui
870 2250 956 2306 unice

402 2333 526 2414 Civibus
549 2353 583 2390 ex
606 2334 745 2392 omuibus
768 2333 880 2406 probus

400 2417 587 2490 Perhibetur,
611 2437 679 2476 oum
699 2437 780 2476 nuno
802 2417 934 2492 improbi

400 2501 467 2560 Viri
488 2502 587 2561 officio
610 2503 671 2574 uti,
696 2507 749 2578 qui
771 2502 844 2560 viris

404 2587 516 2646 Tentte
539 2587 713 2646 absentibus
736 2587 809 2646 feeit

401 2673 522 2730 Nostris
545 2672 694 2730 immerito
716 2671 857 2742 iniurieS,

401 2757 524 2831 Nosque
546 2757 584 2813 ub
607 2757 643 2814 iis
665 2757 732 2816 vult
754 2757 909 2814 obducere.

402 2841 467 2900 Hae
489 2845 536 2898 res
557 2842 638 2899 vitoe
660 2860 722 2914 me,
751 2841 848 2912 soror,
872 2843 1021 2913 saturent;

403 2925 468 2984 Hae
490 2925 564 2982 mihi
586 2926 717 2984 dividiae
739 2929 770 2983 et
792 2925 875 2984 senio
898 2927 978 2984 sunt.

276 3018 310 3067 20
324 3011 386 3070 PA.
402 3011 448 3068 Ne
470 3011 616 3082 leerume,
640 3029 739 3082 soror,
763 3029 820 3068 neu
843 3013 897 3068 tuo
920 3009 1019 3067 inimo
1042 3009 1073 3067 id
1096 3011 1158 3080 sue,

404 3093 490 3164 Quod
514 3095 571 3152 tibi
593 3098 664 3153 tuus
686 3096 891 3170 paterfacere
914 3094 1057 3152 minetur.

405 3180 480 3254 Spes
503 3183 548 3237 est
571 3200 638 3238 eum
659 3181 766 3238 melius
788 3179 947 3238 steturum.

404 3263 485 3322 Novi
508 3267 562 3340 ego
586 3266 687 3322 illum:
710 3266 802 3323 istaec
824 3264 921 3322 ioculo
944 3263 1032 3321 dicit:

405 3347 511 3422 Neque
533 3348 583 3405 ille
606 3349 663 3408 sibi
684 3352 796 3408 mereat
818 3349 976 3407 Persarum

410 3431 543 3503 Montes,
567 3434 619 3508 qui
642 3453 705 3492 esse
728 3434 809 3491 aurei
831 3434 1042 3508 perhibentur,

406 3513 449 3572 Vt
470 3515 547 3574 istuc
566 3517 665 3590 faeiat,
689 3519 770 3594 quod
792 3521 827 3576 tu
848 3519 967 3576 metuis.

408 3598 522 3656 Tamen
544 3603 569 3657 si
591 3602 696 3673 saciat,
719 3604 851 3661 minume
873 3603 962 3663 trasei

407 3684 514 3742 Decet:
537 3687 634 3760 neque
655 3688 686 3744 id
709 3688 858 3746 immerito
882 3688 1008 3748 eveniet.

407 3767 486 3826 Nam
507 3769 564 3826 viri
586 3772 681 3829 nostri
704 3773 793 3832 domo
816 3777 850 3830 ut
872 3774 1025 3842 obierunt,

280 3860 314 3912 30
411 3853 468 3910 Hie
490 3853 598 3912 tertius
621 3875 725 3914 eunus,
769 3858 819 3916 ΡΙ.
842 3859 890 3916 Ite
912 3861 947 3916 ut
968 3875 1124 3915 memmae.

322 3939 385 3997 ΡΑ.
408 3936 508 4007 Quum
531 3938 589 4012 ipsi
611 3943 725 3999 intereo
747 3943 861 4016 vivont,
885 3944 1020 4015 valeant,

408 4023 467 4080 Vbi
491 4026 567 4095 sint,
592 4025 665 4100 quid
689 4030 794 4103 egunt,
818 4028 927 4104 eequid
950 4029 1055 4104 egunt,
1078 4045 1175 4101 neque

408 4108 597 4182 Pertiuipant
618 4128 682 4181 nos,
705 4131 803 4186 neque
824 4114 961 4170 redeunt.

282 4197 314 4246 35
331 4192 379 4250 PI.
409 4193 458 4250 An
480 4193 513 4250 id
535 4194 690 4267 condolet,
715 4214 812 4268 soror,
837 4197 968 4256 officium
991 4196 1061 4272 quie
1082 4196 1128 4254 ssli

409 4277 503 4336 Suum
524 4297 585 4338 nou
607 4281 724 4354 colunt,
747 4301 840 4356 quum
862 4285 948 4340 tunm
971 4281 1052 4340 facis.
1085 4279 1149 4339 PA.
1173 4281 1218 4342 ito
1242 4287 1290 4342 est
1314 4291 1380 4364 pol.

337 4361 387 4421 ΡΙ.
412 4363 488 4423 Tace
511 4367 565 4422 sis:
595 4383 665 4424 cave
688 4366 729 4426 sis
751 4365 872 4426 audiam
895 4387 951 4446 ego
973 4368 1065 4438 istuc,
