2996 5148
277 343 342 408 390
560 355 800 418 oveasrrouus
823 354 1130 404 rorocrrrrnrcru.
1255 406 1261 415 ,

276 511 437 576 Iuvenalis
464 531 590 576 versum
618 531 687 574 esse
717 511 745 592 1,
773 509 833 574 105
861 530 934 574 vere
963 505 1124 574 Beckerus
1154 510 1315 594 perspexit.
1353 513 1389 574 lc

278 644 351 688 vero
377 645 443 686 nou
471 621 577 685 minus
604 619 749 704 prefecto
771 619 948 684 solitariam
970 623 1092 704 septem
1116 641 1184 686 esse
1211 621 1389 686 tabernarum

276 733 471 798 mentionem
493 731 724 796 recordandum
747 734 811 796 est:
845 752 924 815 quas
948 753 1020 794 cunr
1041 753 1132 812 saepe
1154 753 1226 796 cum
1247 739 1322 797 cocis
1340 755 1392 796 una
1479 717 1480 748 l

275 844 444 908 memorari
466 841 675 928 Visseringus
697 841 795 925 dixit,
825 841 941 925 idque
963 863 1116 926 sponsore
1138 840 1254 908 dixerit
1279 841 1340 926 ipse
1357 843 1393 906 ri·

276 954 368 1019 derit.
413 953 484 1017 Hoc
511 952 613 1036 igitur
641 950 668 1016 si
690 952 780 1016 Livio
804 951 976 1035 credimus,
1007 973 1063 1016 cur
1089 975 1155 1018 non
1184 951 1260 1018 illud
1280 975 1394 1038 quoque,

223 1081 257 1128 ur
278 1063 385 1147 aliquo
417 1066 490 1148 post
521 1063 717 1127 instauratas
751 1065 873 1146 septem
902 1065 1045 1147 tempore
1076 1062 1279 1128 imminutum
1309 1063 1397 1146 aliquo

278 1195 354 1238 casu
375 1193 545 1238 numerum
567 1173 601 1236 iu
626 1193 738 1237 caussa
759 1172 859 1237 fuisse
880 1175 1023 1236 mutatae
1045 1173 1289 1257 appellationis?
1307 1172 1397 1252 ,Quam

278 1287 314 1348 ut
343 1283 396 1348 hic
420 1285 684 1348 commemoraret
706 1282 859 1366 scriptor,
885 1305 921 1347 eo
944 1283 1013 1367 ipso
1035 1287 1141 1348 motus
1163 1287 1223 1368 est,
1246 1283 1324 1370 quod
1343 1305 1400 1346 eus·

262 1374 369 1458 ¹tratis
397 1394 499 1476 partis
525 1393 719 1458 tabernasa
746 1415 879 1458 numero
907 1395 1002 1458 ducto
1024 1395 1154 1459 nomine
1176 1407 1300 1478 septem,
1321 1415 1400 1477 quau

280 1529 299 1570 a
320 1508 463 1588 tempore
486 1506 580 1568 ducto
603 1515 714 1568 riclcres
737 1503 841 1568 dicere
856 1503 1023 1588 maluerat,
1048 1505 1082 1570 iu
1098 1527 1198 1590 eoque
1213 1527 1304 1590 quem
1318 1503 1402 1568 semel

280 1616 443 1681 institerat
466 1635 559 1680 cursu
581 1635 715 1700 pergere
741 1614 842 1679 satius
869 1614 969 1679 duxit.
999 1615 1070 1680 Nisi
1092 1617 1177 1680 forte
1200 1638 1275 1702 pars
1295 1618 1405 1680 tautum

280 1731 423 1791 veterum
452 1729 574 1810 septem
601 1725 755 1789 tabernae
782 1725 929 1808 fuerunt,
962 1727 994 1789 et
1023 1727 1063 1790 ad
1090 1726 1149 1790 has
1172 1727 1268 1809 solas,
1290 1749 1350 1790 uon
1374 1723 1405 1788 ed

281 1840 404 1901 veteres
434 1836 598 1900 universas
631 1836 815 1900 incendium
848 1835 1048 1918 pertinebat:
1081 1859 1163 1921 quae
1190 1835 1324 1902 Beckeri
1352 1857 1407 1900 esse

282 1947 443 2010 sententia
471 1946 605 2010 videtur.
658 1945 720 2010 Sed
747 1967 788 2009 ne
816 1966 873 2029 per
900 1967 933 2010 se
961 1946 1088 2030 quidem
1111 1947 1313 2012 artificiosius
1343 1944 1406 2009 illud

283 2056 400 2121 Mureti
424 2059 637 2120 commentum
652 2055 780 2139 probari
796 2059 911 2139 potest.
942 2057 1026 2122 Nam
1041 2058 1180 2142 primmn
1202 2058 1239 2122 in
1261 2057 1409 2140 entique

282 2167 365 2230 libro
387 2177 443 2230 oet.
467 2165 516 2229 rel
549 2174 631 2229 VET.
655 2166 762 2250 potius
784 2167 938 2250 scriptum
961 2167 1059 2232 fuisse
1082 2190 1140 2252 pro
1162 2180 1289 2252 veteres,
1315 2167 1344 2230 id
1363 2165 1409 2230 mi·

285 2277 370 2341 nime
399 2275 548 2340 credibile
576 2279 641 2358 est,
679 2275 734 2339 sed
756 2277 840 2359 quod
862 2276 999 2341 sciamus
1022 2299 1151 2362 prorsus
1174 2283 1304 2362 praeter
1325 2299 1411 2342 erem·

285 2386 383 2471 plum.
413 2385 462 2450 De
477 2407 513 2449 eo
536 2386 621 2450 enim
643 2384 768 2449 fallitur
783 2384 993 2473 Beckerus*),
1017 2387 1099 2472 quod
1122 2391 1291 2474 tamquam
1311 2385 1412 2452 Mureti

286 2497 383 2562 verbe
403 2496 483 2560 haec
504 2497 627 2579 posuit:
649 2501 740 2560 habel
760 2502 838 2561 enim
854 2505 998 2577 antiquus
1018 2503 1104 2581 liber,
1128 2520 1193 2583 qua
1215 2499 1252 2563 in
1275 2521 1309 2563 re
1324 2495 1413 2561 fraudi

286 2609 315 2672 ei
352 2607 417 2671 fuit
448 2605 775 2671 Drakenborchianae
808 2607 956 2681 editionis
990 2608 1117 2673 vitium:
1158 2631 1238 2673 nem
1279 2609 1319 2672 ab
1359 2606 1416 2690 ipso

286 2719 412 2784 Mureto
434 2717 588 2801 scripturn
612 2721 661 2782 est
681 2721 824 2797 rubebat,
858 2740 918 2782 nec
950 2719 977 2783 ie
1001 2719 1038 2783 de
1062 2721 1149 2783 certo
1170 2718 1274 2801 libre,
1307 2718 1339 2782 in
1365 2736 1416 2800 (pue

285 2830 364 2895 illud
380 2850 414 2894 re
429 2849 505 2893 vera
520 2827 689 2912 exstiterit,
711 2827 883 2892 ullomodo
899 2828 1064 2912 cogitarit.
1095 2829 1157 2894 Sed
1173 2829 1237 2895 hoc
1253 2833 1291 2894 ut
1307 2829 1417 2892 demus:

287 2941 364 3004 illud
397 2939 466 3003 fieri
500 2936 640 3021 potuisse
671 2937 879 3021 pertinaciter
911 2960 1077 3024 nogareda,
1112 2942 1148 3003 ut
1172 2939 1222 3005 sic
1245 2939 1418 3016 variaretur,

288 3049 376 3115 nullo
408 3049 535 3134 quidem
564 3048 748 3150 ,sententiae
770 3048 964 3131 discrimine,
987 3049 1104 3113 oratio:
1127 3071 1209 3129 quoe
1229 3060 1363 3131 posteo
1382 3067 1419 3110 cc·

289 3172 376 3238 teres,
401 3197 443 3208 -
464 3181 543 3239 quoe
564 3179 659 3223 rruuc
680 3179 776 3224 novoe
798 3165 1001 3239 appellantur.
1046 3158 1117 3223 Nisi
1143 3159 1231 3226 forte
1255 3156 1421 3246 elegantiae

198 3317 199 3322 η
291 3273 349 3354 est,
372 3270 544 3335 variandae
565 3270 719 3333 orationis
754 3291 865 3334 caussa
888 3273 1029 3334 evertere
1050 3273 1171 3334 rectam
1195 3275 1230 3335 et
1259 3270 1420 3353 simplicem

292 3381 454 3466 cogitandi
476 3381 644 3444 rationem.
674 3380 776 3456 Quam
790 3380 917 3464 quidem
933 3384 990 3444 aut
1004 3403 1085 3445 auree
1100 3384 1156 3444 aut
1173 3395 1289 3464 postea
1304 3383 1424 3461 utroque

291 3493 360 3557 loco
382 3491 541 3574 requirere
563 3489 727 3573 fatebitur,
751 3491 804 3574 qui
826 3491 966 3555 noluisse
982 3490 1107 3555 Livium
1130 3491 1263 3576 aliquod
1285 3486 1423 3573 temporis

291 3598 496 3667 intervallmn
534 3599 641 3664 dedita
680 3585 777 3685 opere
810 3601 993 3685 significare
1024 3601 1237 3667 concesseritr
1287 3597 1425 3666 concedet

359 3915 386 3984 *)
408 3913 486 3970 Idem
509 3930 580 3982 quac
603 3913 722 3968 subiecit
743 3915 837 3970 adnot.
862 3933 889 3985 p.
908 3921 972 3971 297:
1002 3919 1071 3976 dass
1089 3920 1131 3976 sie
1151 3917 1279 3988 (septem
1295 3917 1427 3973 tabernae}

292 4012 362 4067 uber
379 4011 438 4079 auf
451 4011 503 4066 der
520 4008 596 4066 Seite
615 4010 668 4066 der
685 4011 782 4068 Nouae
799 4012 914 4079 pelopen
932 4012 1024 4068 haben
1042 4012 1156 4079 solitae,
1175 4015 1216 4069 ist
1234 4015 1331 4070 druch
1350 4013 1428 4068 uictu

292 4107 446 4169 erwiesen,
470 4105 509 4172 ,jc
533 4103 610 4158 nield
631 4105 737 4159 cineret
758 4105 997 4161 walersclrer'nliclr
1016 4120 1038 4158 e.
1059 4119 1084 4172 q.
1105 4121 1137 4170 s.,
1159 4103 1233 4160 haec
1253 4121 1311 4175 quo
1329 4101 1428 4158 tandem

293 4197 419 4264 spectare
437 4193 568 4261 voluerit,
590 4212 703 4264 prorsus
725 4212 775 4249 nos
797 4196 895 4264 fugere
913 4197 1041 4250 fatemur.
1077 4195 1149 4250 Nam
1167 4195 1254 4266 illud,
1275 4199 1351 4267 quod
1368 4195 1430 4249 dein·

296 4303 361 4356 ceps
378 4285 503 4358 pluribus
520 4287 677 4357 impugnat,
696 4305 747 4342 nec
757 4289 883 4345 Muretus
901 4290 1000 4346 statuit
1019 4307 1070 4345 nee
1088 4295 1227 4360 quantum
1247 4293 1352 4347 scimur
1369 4287 1429 4360 quis·

296 4395 378 4446 quam
396 4379 474 4434 alius.
