2996 5148
284 339 347 402 428
641 353 857 414 ramnoovre
880 353 1066 402 enarrare.

285 509 355 594 quis
378 511 426 574 est
448 509 534 574 enim
556 509 625 592 qui,
649 511 819 593 postquam
841 508 879 571 de
901 515 1040 587 incipere
1060 508 1139 572 satis
1163 511 1300 592 constat,
1321 507 1397 573 alian

285 619 319 682 in
334 623 459 704 partem
480 621 710 704 interpretetur
730 618 934 684 Ambrosiani
958 617 1075 682 codicis
1089 618 1125 683 in
1136 618 1311 684 Trinummi
1324 641 1399 684 versu

286 731 327 794 70
348 731 534 794 memoriam
556 749 664 796 omvn
680 766 688 779 ·
706 765 713 779 ·
730 747 790 813 en,
814 729 878 794 nisi
899 733 936 792 ut
958 728 1071 812 duas,
1095 751 1230 815 quarum
1251 729 1400 816 spatiaob-

285 845 412 906 serrata
434 845 520 924 runt,
543 840 668 906 litteras
689 840 789 906 fuisse
812 857 849 906 1G
872 839 1080 922 concedat:*)

369 999 503 1059 Nemdst.
534 999 612 1069 Quid
635 1003 669 1058 tu
692 1000 786 1077 igitur
808 999 931 1076 rogitas,
955 1002 1024 1058 tone
1046 999 1236 1076 obidrigem?

286 1145 349 1210 Vbi
371 1147 589 1212 insolentioris
611 1133 733 1212 termae
761 1147 923 1233 ignoratio
947 1145 1066 1210 similes
1089 1145 1293 1212 librariorum
1312 1149 1405 1212 turbas

284 1245 407 1322 ‘creavit
440 1261 534 1342 atque
562 1258 598 1322 in
624 1270 781 1338 noceatur
808 1256 863 1320 illo
891 1257 1013 1320 factum
1043 1277 1111 1320 esse
1145 1279 1244 1340 supra
1277 1259 1406 1322 vidimus:

229 1383 267 1434 vll
286 1367 414 1453 quando
437 1373 640 1447 ooiarqenrem
663 1367 764 1432 Vetus
786 1367 895 1450 habet,
919 1373 1077 1446 obiupr'tem
1097 1365 1277 1432 Vaticanus
1298 1391 1336 1432 m.
1358 1391 1406 1452 pa,

285 1485 462 1558 ohue'rpr'tem
490 1477 700 1543 Decurtatus:
736 1477 820 1543 unde
847 1479 883 1543 in
908 1481 1059 1562 promptu
1088 1481 1158 1542 erat
1180 1477 1221 1542 ad
1245 1485 1409 1544 consuetam

287 1589 410 1655 seilicet
438 1589 657 1654 iterativorum
685 1591 867 1676 analogiam
893 1591 1077 1652 revocatum
1100 1589 1234 1653 verbum
1256 1589 1409 1674 procudere

175 1749 181 1761 .
287 1707 473 1781 obiurpr'tcm.
518 1699 640 1764 Rursus
675 1704 797 1785 autem,
831 1699 858 1764 si
890 1699 951 1764 boc
984 1720 1076 1762 versu
1107 1703 1274 1779 obturiqem
1301 1701 1411 1784 scripsit

287 1811 429 1895 PlautuS,
454 1807 631 1876 eundemne
653 1811 703 1876 vel
726 1811 866 1895 potuisse
882 1816 1059 1890 ohiurpr'tem
1081 1831 1203 1894 ponere
1218 1809 1337 1876 duobus
1357 1832 1411 1874 rer·

287 1921 373 1987 sibus
397 1925 473 1986 ante
496 1923 659 1988 credemus
681 1921 716 1988 in
739 1925 832 1986 tanta
846 1921 1080 1986 sententiarum
1101 1921 1244 1986 invicem
1267 1921 1325 1985 sibi
1346 1921 1412 1984 rela-

286 2035 392 2099 tarum
413 2033 669 2118 propinquitate:

1133 2171 1208 2232 Can.
1233 2171 1311 2244 Quid
1326 2172 1415 2232 venis?

372 2261 455 2321 biso.
478 2259 566 2319 Malis
589 2263 618 2319 to
639 2261 674 2318 ut
695 2259 794 2320 verbis
814 2259 918 2320 multis
940 2259 1070 2316 multum
1092 2257 1334 2336 obiurgitom.

374 2345 446 2404 Cla.
470 2345 560 2404 Men?
596 2346 680 2404 Mna.
703 2345 845 2420 numquis
861 2346 906 2404 est
920 2343 969 2402 hio
985 2343 1061 2402 alius
1077 2346 1197 2418 praeter
1210 2364 1260 2402 me
1276 2347 1362 2420 atquc
1375 2342 1416 2400 tc?
1483 2367 1484 2382 κ

373 2429 447 2490 Can.
465 2431 600 2490 Ncmost.
623 2431 707 2491 Mna.
724 2431 797 2506 quid
813 2432 847 2488 tu
863 2429 958 2506 igitur
972 2429 1096 2506 rogitas,
1112 2433 1182 2488 tene
1198 2427 1417 2506 obiurigem‘?
1483 2463 1484 2492 2

288 2597 395 2680 Atque
418 2617 459 2660 ne
482 2597 588 2658 exstat
614 2595 741 2680 quidem
769 2595 823 2658 hio
849 2595 884 2658 in
907 2593 1065 2657 Palatinis
1093 2592 1185 2658 libris
1208 2591 1418 2676 Vaticanoquc

288 2687 561 2794 quadrisyllabum
582 2705 786 2788 vocabulum,
815 2705 898 2789 quod
922 2703 1122 2770 Camerarius
1145 2703 1275 2768 demum
1298 2703 1417 2782 invexit,

289 2817 344 2882 sed
373 2817 413 2882 ad
439 2817 607 2880 veritatem
635 2815 765 2900 propius
793 2815 948 2879 accedens
981 2815 1084 2898 ipsum
1113 2812 1252 2898 simplex
1282 2819 1419 2893 obtorpeat

289 2926 353 3012 (vel
379 2931 546 3008 obuirqem)
576 2925 717 2990 verbum.
769 2924 887 3002 Quodsi
915 2923 1096 2988 iterativum
1125 2923 1267 2989 formam
1296 2925 1340 2989 ibi
1371 2923 1419 2986 risi

289 3061 397 3104 sumus
418 3039 452 3102 in
468 3036 682 3102 Ambrosiano
705 3036 822 3121 legere,
847 3040 901 3100 aut
922 3035 1015 3100 aliter
1035 3034 1181 3117 peccarit
1202 3033 1258 3098 hie
1275 3033 1421 3112 librarius,

290 3151 345 3214 aut
367 3148 487 3234 aliquid
507 3146 710 3233 peccavimus
732 3147 805 3231 ipsi,
829 3150 915 3211 recte
936 3147 1087 3230 quattuor
1108 3165 1165 3228 pro
1181 3143 1289 3210 tribus
1305 3143 1422 3229 syllabis

290 3259 461 3344 expiscati,
490 3281 556 3324 non
579 3261 666 3324 recte
687 3257 760 3322 illas
784 3273 1002 3322 onrvaorrnn
1032 3277 1090 3340 pro
1114 3271 1316 3320 onrvaronu
1338 3256 1423 3319 inter-

290 3369 418 3454 pretati.

375 3479 473 3544 Iactis
506 3479 726 3544 fundamentis
759 3481 976 3563 superstruere
1008 3475 1084 3541 licet
1117 3497 1199 3560 quae
1235 3477 1370 3543 eandem
1396 3475 1425 3536 in

291 3571 416 3674 partem
437 3587 548 3653 valens
570 3590 639 3654 sine
662 3589 853 3655 testimoniis
876 3587 1078 3651 ratiocinatio
1101 3585 1209 3652 addat.
1255 3587 1329 3651 Duo
1350 3583 1426 3650 enim

292 3721 400 3764 versus
428 3701 519 3781 simt,
550 3699 664 3764 misere
694 3698 797 3770 claudi
826 3698 922 3783 vulgo
928 3747 937 3781 ,
972 3698 1025 3782 qui
1054 3719 1118 3760 rma
1146 3695 1272 3762 inserta
1296 3703 1309 3762 ι’
1329 3695 1426 3760 littera

291 3809 357 3874 talo
383 3808 516 3874 stabunt
541 3809 735 3894 rectissim0,
764 3807 960 3874 Bacchidum
990 3806 1072 3872 1020
1099 3809 1132 3872 et
1157 3805 1352 3872 Mercatoris
1376 3803 1426 3868 46:
1482 3869 1483 3926 q

1482 3929 1483 3979 l

376 3951 424 4010 Me
448 3951 632 4029 obiurigavit
654 3951 801 4027 plurumis
825 3951 923 4010 verbis
946 3949 1043 4009 malis.

378 4035 556 4114 Obidrigure
578 4039 665 4112 pater
685 4038 758 4096 haec
779 4040 882 4096 noctes
905 4037 936 4094 bt
958 4035 1031 4094 dies.

361 4287 387 4352 *)
412 4285 478 4357 [Eas
500 4283 608 4341 litteras
630 4285 706 4356 ipsae
725 4283 778 4340 sibi
796 4284 957 4355 apparuisse
975 4280 1182 4338 Studemundur
1200 4281 1360 4338 tentaturi
1378 4299 1396 4334 s
1412 4296 1429 4332 s.

294 4394 321 4450 p.
340 4377 411 4450 eea]
