3284 5152
412 361 473 422 114
676 360 768 420 1111111
795 371 857 418 nra
880 373 1003 419 11111111
1025 371 1091 420 nas
1115 369 1280 419 ausurus.

409 526 619 608 Camerarius,
644 525 720 588 aber
742 522 823 589 doeh
844 524 887 588 ist
910 493 942 588 es
966 523 1018 588 ein
1040 544 1140 587 neuer
1161 521 1288 604 Druck,
1316 521 1371 586 der
1393 521 1538 586 auweilen
1629 539 1630 554 ¹

408 637 458 700 die
473 634 639 700 Versehen
662 635 718 698 der
739 637 845 698 ersten
861 634 1014 718 Ausgnbe
1036 632 1222 718 berichtigt,
1245 631 1304 696 wie
1320 630 1440 695 Bacch.
1456 630 1497 714 Π,
1512 631 1537 713 2,
1629 701 1630 724 ,

407 747 459 809 21.
482 746 517 828 3,
541 745 599 825 48,
623 745 770 829 hiiufiger
791 764 873 807 neue
895 743 1084 827 hinzufiigt,
1108 742 1168 806 wie
1190 741 1217 824 l,
1244 742 1272 824 1,
1299 741 1348 804 12.
1371 741 1424 805 48.
1447 739 1489 822 ll,
1511 741 1537 822 2,

410 856 458 920 10.
484 854 534 918 14.
558 853 617 936 III,
641 853 726 936 112.
750 852 808 937 IV,
829 854 860 935 9,
885 853 957 935 131,
981 855 1143 917 worunter
1164 850 1239 915 sehr
1260 849 1539 914 sinnentstellende

407 967 448 1048 (z.
472 963 510 1028 B.
534 971 680 1029 medicum
703 966 784 1027 statt
805 964 949 1048 mecam),
987 963 1038 1026 die
1060 963 1164 1044 donn,
1193 960 1265 1025 weil
1288 960 1349 1025 den
1373 960 1539 1045 folgenden

406 1074 582 1159 Ausgaben
610 1074 667 1137 der
694 1073 898 1138 Fabrioische
926 1073 993 1136 und
1020 1072 1113 1137 nieht
1140 1072 1196 1137 der
1218 1070 1414 1155 eigentliehe
1437 1069 1540 1135 (lame-

405 1183 546 1248 rarische
568 1183 651 1248 Text
672 1206 711 1248 zu
735 1183 866 1248 Grande
894 1183 1005 1268 gelegt
1026 1183 1150 1262 wurde,
1178 1182 1291 1245 weiter
1316 1180 1541 1266 fortgepflanat

404 1295 533 1358 worden
556 1293 639 1358 sind.

488 1404 540 1469 35.
572 1403 633 1466 Die
656 1405 739 1466 erste
754 1401 1010 1486 Wiederholung
1030 1402 1086 1465 des
1103 1399 1540 1466 Camerarius-Fabricischeu

404 1513 521 1578 Testes
554 1514 597 1576 ist
624 1513 675 1576 die
704 1512 858 1596 Ausgabe
886 1511 940 1576 des
963 1511 1014 1576 10.
1038 1511 1269 1592 Sambucus,
1299 1511 1540 1594 Antverpiae

404 1646 442 1688 011
465 1623 549 1688 offic.
574 1621 758 1706 Christoph.
782 1621 927 1686 Plantini
953 1622 1045 1687 1566.
1076 1621 1125 1685 12.
1157 1620 1222 1684 Der
1244 1619 1327 1684 Text
1348 1620 1394 1684 ist
1415 1621 1459 1686 im
1480 1621 1540 1700 ein-

404 1733 517 1797 zelnen
539 1754 600 1818 gar
621 1732 713 1796 nicht
738 1732 911 1816 geiindert,
941 1731 1025 1794 wohl
1053 1731 1129 1794 aber
1156 1729 1334 1812 vermehrt,
1363 1730 1425 1794 wie
1447 1731 1540 1795 sehon

403 1845 459 1907 der
480 1842 565 1906 Γ11101
593 1842 723 1924 besagt:
761 1849 865 1905 ‘nunc
893 1862 968 1904 vero
995 1841 1067 1924 plus
1094 1861 1190 1924 quarn
1214 1839 1265 1906 CO
1292 1840 1438 1904 versibus
1445 1891 1453 1924 ,
1490 1841 1542 1924 qui

313 2021 318 2038 ⁸
403 1954 523 2038 passim
546 1951 821 2034 desiderabantur,
846 1973 884 2015 ex
906 1949 978 2013 VV.
996 1949 1057 2015 CO.
1075 1950 1222 2015 additis’
1252 1949 1402 2014 Dariibsr
1423 1949 1542 2034 spricht

403 2063 470 2126 sich
501 2061 677 2126 Sambucus
706 2061 741 2125 in
770 2061 841 2124 dem
870 2060 1019 2124 Vorwort
1055 2082 1097 2123 an
1125 2059 1295 2124 Plantinus
1323 2060 1438 2126 weiter
1473 2083 1541 2125 aus:

403 2173 517 2236 ‘Mitto
547 2210 588 2220 -
611 2209 653 2220 -
680 2171 919 2235 observationes
950 2169 1104 2254 quasdam
1131 2173 1164 2233 ct
1197 2170 1303 2234 sarias
1332 2170 1367 2234 in
1396 2170 1541 2236 Plautum

403 2282 441 2345 de
465 2280 687 2366 chirographis
708 2280 933 2345 robustissimis
962 2283 995 2344 et
1016 2280 1187 2364 praecipue
1209 2301 1280 2344 meo
1301 2279 1357 2343 illo
1381 2302 1443 2364 quo
1464 2281 1543 2344 lori-

403 2414 483 2456 anus
506 2391 672 2456 Pontanns
695 2394 744 2454 est
765 2413 857 2474 usus,
889 2390 1039 2454 collectas
1067 2389 1257 2473 scripturas,
1283 2390 1426 2474 adeoque
1448 2390 1541 2454 etiam

403 2501 488 2564 ultra
510 2523 620 2566 omnes
644 2501 778 2565 aliorum
805 2497 962 2565 editiones
991 2499 1031 2562 ad
1052 2502 1214 2564 trecentos
1235 2521 1340 2584 paene
1363 2522 1471 2564 versus
1493 2499 1541 2562 de-

403 2611 568 2691 sideratos
592 2632 670 2695 quos
692 2633 764 2674 meo
786 2614 819 2674 et
839 2610 967 2693 publico
989 2609 1119 2674 meliore
1141 2609 1209 2672 fato
1232 2611 1361 2694 reperi!
1368 2611 1408 2692 61)
1452 2609 1543 2674 Norlr

336 2738 385 2786 525
403 2741 545 2804 genauer
560 2719 710 2806 Zshlung
731 2720 789 2784 hat
804 2719 981 2785 Sambucus
1003 2741 1061 2784 aus
1076 2720 1149 2783 dem
1166 2719 1281 2804 Oodex,
1307 2742 1369 2784 von
1393 2721 1542 2785 walchem

469 2987 512 3052 61)
531 2984 569 3037 Er
586 2983 663 3037 111111
680 2984 747 3036 fort:
767 2980 861 3047 ‘Quae
878 2980 907 3035 in
919 2981 1093 3050 marginibus
1105 2981 1202 3049 adieci,
1220 2982 1319 3036 lectori
1337 2983 1413 3051 quod
1430 2983 1543 3054 probius
1629 3037 1630 3040 ,

401 3077 542 3132 videbitur
560 3078 589 3130 01
607 3075 789 3130 adnumeres
807 3074 911 3158 aptius,
931 3074 1049 3143 deliget,
1078 3073 1210 3130 iudicium
1233 3075 1365 3131 cohibere
1382 3076 1442 3147 ipse
1458 3075 1541 3130 volui

402 3169 514 3224 Ceteros
532 3185 598 3222 vero
617 3168 717 3236 quibus
735 3168 841 3238 passim
858 3168 971 3222 lacunas
990 3168 1019 3220 01
1040 3184 1129 3222 vacua
1150 3169 1303 3237 notataque
1327 3169 1461 3226 asterisco
1481 3170 1544 3224 loca

401 3261 539 3330 supplevi,
570 3261 611 3314 nti
633 3261 725 3315 inveni
743 3261 874 3330 scriptos,
903 3259 944 3314 ita
962 3259 1029 3321 edo,
1053 3261 1141 3315 multa
1159 3261 1218 3315 sine
1236 3260 1345 3316 ratione
1363 3279 1544 3320 numerorum

401 3354 499 3407 Plauto
530 3354 709 3407 usitatorum:
740 3355 814 3421 quod
837 3351 934 3407 vitium
956 3352 1135 3408 librariorum
1156 3353 1329 3423 negligentia
1351 3355 1415 3408 huie
1434 3357 1462 3409 et
1480 3353 1543 3408 aliis

402 3446 503 3500 1001111
521 3445 716 3514 scriptoribus:
747 3446 794 3516 qui
816 3449 915 3516 poetas
939 3445 1046 3501 solutae
1065 3446 1198 3501 orationis
1216 3463 1249 3502 ao
1266 3449 1420 3517 perpetuae
1437 3447 1467 3500 in
1484 3464 1544 3502 mo·

402 3539 467 3591 dum
487 3537 690 3592 describebant.
728 3540 768 3591 Ac
786 3538 898 3605 quidem
915 3539 956 3593 ita
974 3539 1056 3594 edere
1075 3539 1168 3606 11101111,
1186 3539 1346 3607 utquisque
1364 3541 1393 3593 in
1410 3558 1543 3596 numeros

401 3631 460 3701 ipse
479 3632 575 3700 cogat,
599 3647 683 3697 quarn
706 3633 737 3684 ut
754 3631 811 3685 ulla
828 3649 845 3685 a
862 3649 906 3686 me
924 3631 965 3686 vis
983 3632 1028 3686 vel
1045 3634 1120 3686 fraus
1136 3635 1252 3702 propter
1270 3649 1401 3688 numeros
1419 3635 1545 3688 auctoris

401 3724 493 3778 verbis
510 3727 538 3778 et
556 3723 711 3778 sententiae
730 3740 763 3778 oa
780 3724 953 3779 solicitudine
971 3726 1058 3780 fieret.
1094 3726 1135 3779 Ac
1157 3725 1283 3780 fortassis
1302 3726 1440 3794 quaedam
1458 3743 1544 3782 cons-

400 3820 445 3872 tus
462 3817 575 3871 fuissem
594 3815 758 3871 coniecturis
776 3817 861 3871 etiam
880 3819 909 3871 01
921 3835 954 3872 ex
965 3818 1079 3888 ingenio
1096 3819 1251 3884 restituere,
1268 3818 1322 3872 11111
1340 3821 1371 3874 tu
1388 3819 1543 3874 editionem

401 3911 524 3979 arsisses,
543 3913 628 3979 atque
647 3927 700 3979 ego
717 3910 746 3963 in
763 3911 808 3964 tot
826 3911 1053 3981 occupationibus
1070 3910 1169 3968 nudius
1186 3912 1285 3966 tertius
1303 3943 1335 3952 —
1347 3943 1381 3951 —
1399 3911 1432 3966 de
1449 3913 1544 3981 patris

399 4006 455 4060 mei
472 4006 551 4061 obitu
569 4004 701 4058 nuncium
719 4003 908 4073 accepissem’
943 4004 1000 4059 Der
1019 4003 1129 4058 Schluss
1146 4005 1197 4058 ist:
1217 4004 1306 4060 ‘Satis
1324 4009 1368 4060 est
1384 4023 1427 4059 me
1445 4005 1544 4059 adhue

399 4098 538 4154 asteriscis
556 4101 666 4152 tantum
683 4099 781 4152 notata
798 4096 890 4150 verbis
908 4097 1000 4151 Plauti
1017 4097 1138 4167 propriis
1154 4099 1217 4152 locs
1235 4099 1416 4169 supplevisse,
1436 4101 1467 4151 01
1487 4101 1544 4151 110-

399 4195 493 4246 centes
510 4209 600 4262 paene
612 4192 699 4246 lineas
718 4209 751 4245 ex
767 4189 963 4244 vetustissimis
976 4209 1009 4245 ac
1023 4191 1114 4259 dignis
1132 4191 1186 4244 fide
1205 4191 1346 4248 codicibus
1363 4191 1542 4262 produxisse.

400 4288 450 4339 ete.
463 4293 502 4340 10.
521 4285 636 4340 Kalend.
648 4285 789 4354 Septemb.
801 4282 1076 4350 MDLXV.Vienna’‚
1085 4285 1137 4338 mit
1148 4284 1280 4338 welchem
1288 4285 1392 4340 Datum
1404 4285 1453 4338 das
1464 4285 1541 4338 oben

401 4379 499 4446 [1118]
518 4379 589 4433 iiber
607 4379 650 4432 die
664 4377 778 4432 Wiener
795 4373 975 4429 Handsclirilt
992 4377 1191 4448 beigebrachte
1210 4397 1243 4432 au
1260 4379 1434 4450 verglciclren
1452 4377 1506 4434 isa
