2996 5148
384 357 432 406 ns
454 358 626 408 rasaams
649 359 732 408 soar
755 359 901 410 nonam.
1149 345 1210 410 391

99 515 184 576 autem
213 511 286 594 hoc,
321 510 375 595 qui
397 511 555 576 rationem
577 512 709 577 omnino
730 512 852 578 nullam
873 515 949 579 talis
972 513 1095 579 consilii
1119 535 1212 600 posse

99 621 209 706 cogdtsri
229 622 434 707 reputaverit.

163 731 304 818 Sequitur
334 735 386 816 ut,
421 733 575 817 quando
607 733 779 798 invaluerit
816 737 960 799 veterum
995 755 1212 820 novarumque

95 843 258 927 appellatio,
291 842 473 928 indagetur.
518 843 568 908 De
602 867 665 930 quo
687 845 924 930 perversissime
946 843 1109 910 Nardinus
1131 845 1211 910 iudi-

95 953 179 1036 cabat,
209 953 271 1018 iam
303 953 607 1019 aDmkenborchio
640 955 681 1020 ob
713 955 746 1019 id
779 954 1002 1039 reprehensus,
1029 955 1110 1020 nihil
1133 954 1212 1020 dicit

93 1062 240 1148 Beclems,
264 1063 434 1130 Buusenus
456 1067 563 1128 autem
586 1087 617 1148 p.
642 1065 682 1129 27
706 1065 826 1150 aliquid
848 1064 989 1130 decrevit
1015 1064 1098 1150 quod
1121 1068 1154 1129 et
1175 1065 1210 1130 in

93 1174 252 1240 coniectura
278 1174 419 1259 positum
447 1177 497 1239 est
524 1176 626 1238 totum
649 1178 682 1238 et
706 1197 744 1239 ea
765 1197 807 1240 ne
829 1197 885 1260 per
907 1196 941 1240 se
963 1175 1092 1260 quidem
1114 1197 1209 1258 appo-

90 1284 140 1348 sita
158 1286 195 1350 ad
214 1284 479 1370 persuadendum.
524 1284 648 1368 Quippe
671 1305 825 1350 novarum
840 1307 958 1350 nomen
980 1285 1118 1349 inditum
1141 1307 1209 1349 esse

89 1395 371 1478 septentrionalibus
392 1396 553 1479 tabernis,
587 1396 671 1480 quod
693 1395 764 1479 hae,
789 1418 860 1460 cuna
883 1396 922 1460 ad
945 1394 1140 1460 amoliendas
1163 1395 1208 1458 la·

88 1505 181 1570 nenas
202 1505 415 1588 accederetur,
440 1505 529 1589 prius
551 1509 659 1570 essent
680 1507 715 1570 in
730 1507 932 1591 argenterias
947 1509 1090 1570 mutatae
1112 1527 1206 1589 quam

86 1615 238 1682 ambales:
267 1619 304 1680 ut
325 1637 383 1700 per
405 1616 531 1700 aliquod
552 1617 706 1701 temporis
728 1617 878 1700 spatium,
902 1615 1089 1681 Bunsenum
1111 1615 1138 1679 si
1161 1637 1208 1679 se·

85 1748 209 1811 quamur,
243 1725 446 1812 argenisdus
468 1727 570 1810 partis
607 1727 757 1792 sinistrae
793 1730 830 1790 ut
865 1749 964 1791 novas
1001 1725 1209 1810 opposuerint

84 1835 202 1902 lanienis
229 1839 362 1903 dextrae
389 1837 491 1922 partis
521 1841 557 1902 ut
578 1837 755 1921 veteribus,
784 1859 855 1901 cam
883 1839 989 1900 autem
1023 1835 1206 1920 appellandi

84 1949 328 2014 consuetudinem
356 1947 515 2012 servarint
543 1947 640 2011 etiam
668 1950 742 2032 post
767 1947 825 2011 has
854 1950 975 2012 veteres
1004 1944 1206 2030 argenterias

81 2057 184 2142 lactas,
212 2058 329 2143 quibus
357 2079 375 2122 e
402 2058 449 2122 rei
474 2057 610 2121 cantate
637 2079 792 2122 novarum
819 2078 937 2122 nomen
964 2077 1051 2120 nunc
1079 2055 1206 2139 quidem

81 2167 144 2250 ipsis
165 2171 370 2254 competeret.
402 2149 575 2232 Praeteriit
590 2166 786 2250 Bunsenum,
811 2167 872 2233 boc
893 2167 921 2232 si
943 2166 990 2231 ita
1005 2187 1038 2230 se
1060 2165 1204 2248 haberat,

80 2299 132 2342 uon
145 2279 188 2344 sic
203 2280 386 2344 locuturum
400 2277 500 2342 luisse
514 2275 655 2342 Livium:
678 2299 758 2358 puae
771 2299 868 2343 nunc
883 2298 979 2344 novae
993 2283 1205 2358 appellantur:

77 2387 215 2471 siquidem
246 2389 315 2453 iam
343 2391 421 2452 tunc
449 2387 559 2452 eadem
594 2387 753 2453 obtineret
781 2387 964 2472 appellatio.
1015 2386 1084 2452 Nec
1115 2410 1205 2472 prae·
1254 2408 1259 2421 ·

76 2497 174 2562 sidium
195 2499 244 2565 illi
269 2497 413 2582 opinioni
435 2520 452 2562 e
474 2497 630 2562 Varronis
652 2497 691 2562 de
712 2497 826 2582 lingua
847 2497 903 2562 lat.
928 2496 974 2561 VI
997 2501 1018 2578 ξ
1038 2497 1123 2582 5911.
1142 2499 1204 2565 237

74 2608 118 2691 Sp.
134 2610 271 2676 accedit:
288 2608 343 2673 ubi
358 2608 418 2672 etsi
428 2619 633 2689 pervetustum
646 2607 764 2672 dicitur
778 2627 934 2673 novarum
948 2629 1076 2689 nomen,
1092 2613 1202 2674 tamen
1221 2621 1270 2672 vm

74 2715 166 2784 locet
180 2741 238 2804 pcr
254 2741 291 2784 se
306 2739 371 2784 non
386 2719 491 2783 minus
506 2722 593 2783 recte
609 2717 643 2782 in
658 2719 753 2782 unius
768 2740 863 2802 quam
875 2719 910 2782 in
922 2717 1057 2782 duorum
1068 2717 1205 2783 triumve

73 2831 257 2894 saeculorrun
283 2829 421 2914 spatium
438 2829 533 2912 cadit,
557 2831 590 2893 et
611 2828 658 2892 ita
679 2828 806 2910 dicitur,
829 2831 946 2892 utnon
961 2826 1128 2911 longitudo
1151 2849 1205 2910 po·

72 2938 216 3005 tissimum
244 2940 402 3024 temporis
432 2942 609 3024 spectetur,
646 2937 700 3002 sed
724 2937 885 3003 contraria
906 2938 954 3001 vis
985 2935 1084 3020 ipsius
1112 2958 1204 3002 novus

71 3049 214 3116 notionis:
247 3055 326 3115 Sub
360 3056 467 3114 navis
498 3055 582 3114 da'cta
609 3069 688 3128 pars
710 3055 742 3113 in
760 3053 835 3125 soro
868 3053 1091 3126 aedificiorum,
1123 3053 1220 3126 paod'

69 3166 234 3227 tractuum
271 3167 302 3224 ci
327 3169 546 3242 peccacatum,
580 3169 614 3224 ut
651 3163 683 3224 N
686 3180 777 3224 oeae
812 3165 910 3236 ciac,
945 3178 1024 3236 quoe
1055 3162 1105 3222 vic
1143 3163 1204 3222 lom

67 3275 112 3334 diu
137 3284 231 3338 cetus.
272 3268 336 3333 Vbi
363 3269 416 3333 vix
446 3269 518 3353 plus
542 3269 629 3334 valet
650 3281 871 3351 pervetustum,
900 3266 1046 3352 quamsi
1072 3266 1204 3332 dixisset

65 3403 237 3464 praepare
271 3387 332 3444 iam
353 3385 406 3444 diu
428 3390 518 3445 actm.
548 3417 591 3428 -
620 3378 738 3454 Quodsi
761 3377 1033 3461 circumspicimus
1065 3379 1202 3462 tempus,

66 3511 118 3572 quo
137 3514 205 3557 non
228 3494 386 3574 utraeque
408 3489 503 3554 simul
525 3490 679 3555 tabernae
701 3491 875 3571 exstarent,
904 3487 951 3552 ita
974 3491 1010 3552 ut
1039 3487 1203 3572 aliquanto

65 3605 126 3682 post
147 3603 217 3668 iure
242 3604 378 3687 possent
399 3601 518 3664 alterae
540 3600 650 3664 alteris
673 3600 864 3664 recentiores
881 3597 960 3663 dici:
983 3598 1062 3663 satis
1083 3599 1203 3664 indicio

64 3733 122 3776 esse
153 3713 227 3798 ipsa
251 3709 337 3776 Livii
368 3710 521 3774 memoria
542 3709 682 3792 videtur,
707 3709 782 3793 quid
804 3709 935 3774 sitnon
957 3709 1108 3773 mediocri
1131 3730 1202 3772 cum

64 3823 288 3903 probabilitate
321 3821 588 3905 amplectendum.
643 3817 774 3884 Etenim
802 3819 856 3883 ille
895 3841 966 3884 cum
992 3817 1127 3893 XXVII,
1163 3819 1198 3878 ll

62 3931 254 4014 planissimis
280 3929 384 3996 verbis
407 3935 516 3996 narret
531 3953 559 3995 a.
576 3931 639 3996 545
663 3941 774 4011 septem
796 3935 948 4012 tabernas,
972 3949 1038 3992 non
1059 3931 1202 3990 tadmor

60 4045 227 4127 superioris
243 4041 333 4106 -anni
348 4041 496 4106 incendio
510 4041 642 4106 haustas
657 4039 806 4106 refecisse
822 4059 978 4122 censores,
1000 4035 1202 4119 consequitur

60 4155 196 4234 profecto
221 4151 488 4237 septentrionalis
510 4152 611 4236 partis
631 4151 782 4217 tabernas
796 4149 954 4236 posterius
969 4148 1096 4210 demum
1110 4146 1201 4210 resti-

60 4265 138 4328 tutas
172 4285 264 4347 esse,
298 4285 360 4327 nec
393 4263 561 4347 quicquam
593 4263 697 4348 magis
719 4283 787 4326 esse
811 4261 1062 4325 consentaneum
1083 4259 1199 4342 potest,

58 4395 147 4456 quam
176 4377 220 4441 ab
244 4373 307 4440 hoc
328 4373 404 4438 inde
425 4375 568 4456 tempore
590 4395 779 4438 novarum
802 4369 940 4453 nomine,
964 4389 1046 4454 quae
1068 4390 1102 4433 re
1127 4390 1201 4435 vera
