<?xml version="1.0" encoding="UTF-8"?>
<!DOCTYPE html PUBLIC "-//W3C//DTD XHTML 1.0 Transitional//EN"
    "http://www.w3.org/TR/xhtml1/DTD/xhtml1-transitional.dtd">
<html xmlns="http://www.w3.org/1999/xhtml" xml:lang="en" lang="en">
 <head>
  <title>
</title>
<meta http-equiv="Content-Type" content="text/html;charset=utf-8" />
  <meta name='ocr-system' content='tesseract 3.04.00' />
  <meta name='ocr-capabilities' content='ocr_page ocr_carea ocr_par ocr_line ocrx_word'/>
</head>
<body>
  <div class='ocr_page' id='page_1' title='image "./fridericiritsch06wachgoog_0437.png"; bbox 0 0 2996 5148; ppageno 0'>
   <div class='ocr_carea' id='block_1_1' title="bbox 289 361 1126 424">
    <p class='ocr_par' dir='ltr' id='par_1_1' title="bbox 289 361 1126 424">
     <span class='ocr_line' id='line_1_1' title="bbox 289 361 1126 424; baseline -0.001 -1"><span class='ocrx_word' id='word_1_1' title='bbox 289 361 352 424; x_wconf 84' lang='grc'>412</span> <span class='ocrx_word' id='word_1_2' title='bbox 597 375 643 422; x_wconf 83' lang='lat' dir='ltr'>ou</span> <span class='ocrx_word' id='word_1_3' title='bbox 666 373 882 421; x_wconf 78' lang='grc'>1111111110</span> <span class='ocrx_word' id='word_1_4' title='bbox 907 373 1126 422; x_wconf 79' lang='grc'>1010111010</span> 
     </span>
    </p>
   </div>
   <div class='ocr_carea' id='block_1_2' title="bbox 286 279 1487 4680">
    <p class='ocr_par' dir='ltr' id='par_1_2' title="bbox 286 279 1487 4634">
     <span class='ocr_line' id='line_1_2' title="bbox 1486 279 1487 310; baseline 0 0"><span class='ocrx_word' id='word_1_5' title='bbox 1486 279 1487 310; x_wconf 73' lang='lat' dir='ltr'>l</span> 
     </span>
     <span class='ocr_line' id='line_1_3' title="bbox 286 525 1399 613; baseline -0.002 -21"><span class='ocrx_word' id='word_1_6' title='bbox 286 551 368 613; x_wconf 88' lang='lat' dir='ltr'>quae</span> <span class='ocrx_word' id='word_1_7' title='bbox 390 528 517 612; x_wconf 86' lang='lat' dir='ltr'>quidem</span> <span class='ocrx_word' id='word_1_8' title='bbox 539 533 673 592; x_wconf 82' lang='lat' dir='ltr'>ridicula</span> <span class='ocrx_word' id='word_1_9' title='bbox 695 527 773 590; x_wconf 89' lang='lat' dir='ltr'>alibi</span> <span class='ocrx_word' id='word_1_10' title='bbox 795 531 889 611; x_wconf 79' lang='lat' dir='ltr'>poeta</span> <span class='ocrx_word' id='word_1_11' title='bbox 904 533 1087 592; x_wconf 77' lang='lat' dir='ltr'><em>ridicularia</em></span> <span class='ocrx_word' id='word_1_12' title='bbox 1109 527 1190 591; x_wconf 82' lang='lat' dir='ltr'>dixit</span> <span class='ocrx_word' id='word_1_13' title='bbox 1212 527 1299 590; x_wconf 85' lang='lat' dir='ltr'>Asin.</span> <span class='ocrx_word' id='word_1_14' title='bbox 1320 525 1356 608; x_wconf 91' lang='grc'>11,</span> <span class='ocrx_word' id='word_1_15' title='bbox 1375 528 1399 606; x_wconf 73' lang='lat' dir='ltr'>a,</span> 
     </span>
     <span class='ocr_line' id='line_1_4' title="bbox 286 637 1401 742; baseline -0.004 -39"><span class='ocrx_word' id='word_1_16' title='bbox 286 639 336 704; x_wconf 81' lang='lat'>64.</span> <span class='ocrx_word' id='word_1_17' title='bbox 367 639 571 722; x_wconf 86' lang='grc' dir='ltr'>Τ1111.Ι,2,</span> <span class='ocrx_word' id='word_1_18' title='bbox 596 637 647 703; x_wconf 88' lang='grc'>28.</span> <span class='ocrx_word' id='word_1_19' title='bbox 676 637 913 721; x_wconf 79' lang='grc' dir='ltr'>Τ1110.111,2,</span> <span class='ocrx_word' id='word_1_20' title='bbox 943 639 991 702; x_wconf 81' lang='grc'>11.</span> <span class='ocrx_word' id='word_1_21' title='bbox 1036 637 1120 742; x_wconf 76' lang='lat' dir='ltr'>Illud</span> <span class='ocrx_word' id='word_1_22' title='bbox 1142 638 1228 702; x_wconf 89' lang='lat' dir='ltr'>enim</span> <span class='ocrx_word' id='word_1_23' title='bbox 1249 637 1401 720; x_wconf 82' lang='lat' dir='ltr'>exemplum</span> 
     </span>
    </p>

    <p class='ocr_par' dir='ltr' id='par_1_3' title="bbox 1486 4641 1487 4680">
     <span class='ocr_line' id='line_1_5' title="bbox 1486 4641 1487 4680; baseline 0 0"><span class='ocrx_word' id='word_1_24' title='bbox 1486 4641 1487 4680; x_wconf 83' lang='grc'>1</span> 
     </span>
    </p>
   </div>
   <div class='ocr_carea' id='block_1_3' title="bbox 242 747 1424 3178">
    <p class='ocr_par' dir='ltr' id='par_1_4' title="bbox 284 747 1404 1052">
     <span class='ocr_line' id='line_1_6' title="bbox 286 747 1403 833; baseline -0.002 -21"><span class='ocrx_word' id='word_1_25' title='bbox 286 749 405 813; x_wconf 88' lang='lat' dir='ltr'>imitari</span> <span class='ocrx_word' id='word_1_26' title='bbox 435 753 519 813; x_wconf 88' lang='lat' dir='ltr'>certe</span> <span class='ocrx_word' id='word_1_27' title='bbox 542 749 736 833; x_wconf 86' lang='lat' dir='ltr'>Argumenti</span> <span class='ocrx_word' id='word_1_28' title='bbox 758 748 895 832; x_wconf 74' lang='lat' dir='ltr'>scriptor</span> <span class='ocrx_word' id='word_1_29' title='bbox 925 749 1044 831; x_wconf 88' lang='lat' dir='ltr'>potuit:</span> <span class='ocrx_word' id='word_1_30' title='bbox 1067 769 1128 812; x_wconf 89' lang='lat' dir='ltr'>nec</span> <span class='ocrx_word' id='word_1_31' title='bbox 1150 748 1237 812; x_wconf 84' lang='lat' dir='ltr'>enirn</span> <span class='ocrx_word' id='word_1_32' title='bbox 1260 747 1403 811; x_wconf 82' lang='lat' dir='ltr'>celandum</span> 
     </span>
     <span class='ocr_line' id='line_1_7' title="bbox 284 858 1404 943; baseline -0.003 -20"><span class='ocrx_word' id='word_1_33' title='bbox 284 863 333 924; x_wconf 88' lang='lat' dir='ltr'>est</span> <span class='ocrx_word' id='word_1_34' title='bbox 359 860 394 923; x_wconf 91' lang='lat' dir='ltr'>in</span> <span class='ocrx_word' id='word_1_35' title='bbox 417 859 630 923; x_wconf 87' lang='lat' dir='ltr'>Ambrosiuno</span> <span class='ocrx_word' id='word_1_36' title='bbox 653 859 760 924; x_wconf 87' lang='lat' dir='ltr'>codice</span> <span class='ocrx_word' id='word_1_37' title='bbox 786 858 994 943; x_wconf 77' lang='lat' dir='ltr'><strong>palimpsesto</strong></span> <span class='ocrx_word' id='word_1_38' title='bbox 1016 865 1093 938; x_wconf 73' lang='lat' dir='ltr'>Iopis</span> <span class='ocrx_word' id='word_1_39' title='bbox 1115 861 1241 922; x_wconf 85' lang='lat' dir='ltr'>exstare</span> <span class='ocrx_word' id='word_1_40' title='bbox 1265 879 1317 942; x_wconf 90' lang='lat' dir='ltr'>pro</span> <span class='ocrx_word' id='word_1_41' title='bbox 1337 865 1404 940; x_wconf 84' lang='lat' dir='ltr'>meis,</span> 
     </span>
     <span class='ocr_line' id='line_1_8' title="bbox 284 968 1099 1052; baseline 0 -18"><span class='ocrx_word' id='word_1_42' title='bbox 284 974 321 1034; x_wconf 90' lang='lat' dir='ltr'>ut</span> <span class='ocrx_word' id='word_1_43' title='bbox 342 971 377 1034; x_wconf 91' lang='lat' dir='ltr'>in</span> <span class='ocrx_word' id='word_1_44' title='bbox 399 970 510 1034; x_wconf 88' lang='lat' dir='ltr'>eadem</span> <span class='ocrx_word' id='word_1_45' title='bbox 531 969 642 1034; x_wconf 89' lang='lat' dir='ltr'>sabula</span> <span class='ocrx_word' id='word_1_46' title='bbox 664 969 691 1052; x_wconf 88' lang='lat' dir='ltr'>I,</span> <span class='ocrx_word' id='word_1_47' title='bbox 715 970 744 1050; x_wconf 85' lang='lat'>3,</span> <span class='ocrx_word' id='word_1_48' title='bbox 768 969 819 1034; x_wconf 88' lang='grc'>68.</span> <span class='ocrx_word' id='word_1_49' title='bbox 848 968 892 1052; x_wconf 91' lang='grc'>11,</span> <span class='ocrx_word' id='word_1_50' title='bbox 916 969 946 1051; x_wconf 92' lang='grc'>2,</span> <span class='ocrx_word' id='word_1_51' title='bbox 970 969 1024 1034; x_wconf 85' lang='grc'>59.</span> <span class='ocrx_word' id='word_1_52' title='bbox 1047 969 1099 1034; x_wconf 86' lang='grc'>68.</span> 
     </span>
    </p>

    <p class='ocr_par' dir='ltr' id='par_1_5' title="bbox 242 1078 1414 2157">
     <span class='ocr_line' id='line_1_9' title="bbox 368 1078 1407 1144; baseline -0.002 0"><span class='ocrx_word' id='word_1_53' title='bbox 368 1079 472 1144; x_wconf 90' lang='lat' dir='ltr'>Versu</span> <span class='ocrx_word' id='word_1_54' title='bbox 493 1080 662 1144; x_wconf 87' lang='lat' dir='ltr'>undecimo</span> <span class='ocrx_word' id='word_1_55' title='bbox 684 1085 713 1143; x_wconf 85' lang='lat' dir='ltr'>ei</span> <span class='ocrx_word' id='word_1_56' title='bbox 733 1079 767 1143; x_wconf 92' lang='lat' dir='ltr'>in</span> <span class='ocrx_word' id='word_1_57' title='bbox 789 1101 853 1144; x_wconf 85' lang='lat' dir='ltr'>uuo</span> <span class='ocrx_word' id='word_1_58' title='bbox 867 1078 984 1143; x_wconf 84' lang='lat' dir='ltr'>Vetere</span> <span class='ocrx_word' id='word_1_59' title='bbox 1008 1083 1057 1144; x_wconf 88' lang='lat' dir='ltr'>est</span> <span class='ocrx_word' id='word_1_60' title='bbox 1079 1082 1111 1143; x_wconf 89' lang='grc'>12</span> <span class='ocrx_word' id='word_1_61' title='bbox 1132 1103 1151 1142; x_wconf 88' lang='grc'>0</span> <span class='ocrx_word' id='word_1_62' title='bbox 1174 1080 1311 1144; x_wconf 84' lang='lat' dir='ltr'>secunda</span> <span class='ocrx_word' id='word_1_63' title='bbox 1326 1101 1407 1144; x_wconf 86' lang='lat' dir='ltr'>mauu</span> 
     </span>
     <span class='ocr_line' id='line_1_10' title="bbox 284 1189 1406 1279; baseline -0.004 -24"><span class='ocrx_word' id='word_1_64' title='bbox 284 1191 420 1276; x_wconf 88' lang='lat' dir='ltr'>quidem,</span> <span class='ocrx_word' id='word_1_65' title='bbox 444 1213 502 1274; x_wconf 92' lang='lat' dir='ltr'>pro</span> <span class='ocrx_word' id='word_1_66' title='bbox 525 1213 561 1255; x_wconf 91' lang='lat' dir='ltr'>eo</span> <span class='ocrx_word' id='word_1_67' title='bbox 577 1190 659 1276; x_wconf 91' lang='lat' dir='ltr'>quod</span> <span class='ocrx_word' id='word_1_68' title='bbox 681 1190 796 1279; x_wconf 83' lang='lat' dir='ltr'>reliqui</span> <span class='ocrx_word' id='word_1_69' title='bbox 818 1211 928 1254; x_wconf 89' lang='lat' dir='ltr'>omues</span> <span class='ocrx_word' id='word_1_70' title='bbox 954 1190 1075 1254; x_wconf 88' lang='lat' dir='ltr'>habeut</span> <span class='ocrx_word' id='word_1_71' title='bbox 1095 1193 1146 1254; x_wconf 87' lang='lat' dir='ltr'>sat</span> <span class='ocrx_word' id='word_1_72' title='bbox 1167 1189 1406 1270; x_wconf 75' lang='lat' dir='ltr'>memorabiliter,</span> 
     </span>
     <span class='ocr_line' id='line_1_11' title="bbox 283 1300 1409 1385; baseline -0.004 -18"><span class='ocrx_word' id='word_1_73' title='bbox 283 1309 342 1367; x_wconf 83' lang='lat' dir='ltr'>celi</span> <span class='ocrx_word' id='word_1_74' title='bbox 368 1301 432 1384; x_wconf 91' lang='lat' dir='ltr'>(vel</span> <span class='ocrx_word' id='word_1_75' title='bbox 453 1304 555 1385; x_wconf 84' lang='lat' dir='ltr'>cccli).</span> <span class='ocrx_word' id='word_1_76' title='bbox 601 1300 684 1364; x_wconf 89' lang='lat' dir='ltr'>Illud</span> <span class='ocrx_word' id='word_1_77' title='bbox 712 1300 924 1365; x_wconf 82' lang='lat' dir='ltr'>e‘codicibus</span> <span class='ocrx_word' id='word_1_78' title='bbox 956 1300 1107 1384; x_wconf 87' lang='lat' dir='ltr'>antiquis’</span> <span class='ocrx_word' id='word_1_79' title='bbox 1130 1300 1195 1364; x_wconf 88' lang='lat' dir='ltr'>iam</span> <span class='ocrx_word' id='word_1_80' title='bbox 1218 1301 1347 1384; x_wconf 87' lang='lat' dir='ltr'>Pylades</span> <span class='ocrx_word' id='word_1_81' title='bbox 1372 1322 1409 1362; x_wconf 90' lang='lat' dir='ltr'>re·</span> 
     </span>
     <span class='ocr_line' id='line_1_12' title="bbox 283 1409 1411 1497; baseline -0.004 -21"><span class='ocrx_word' id='word_1_82' title='bbox 283 1412 399 1496; x_wconf 87' lang='lat' dir='ltr'>st&#39;tuit,</span> <span class='ocrx_word' id='word_1_83' title='bbox 424 1415 592 1497; x_wconf 85' lang='lat' dir='ltr'>postquam</span> <span class='ocrx_word' id='word_1_84' title='bbox 614 1417 737 1492; x_wconf 79' lang='lat' dir='ltr'>quondo</span> <span class='ocrx_word' id='word_1_85' title='bbox 758 1416 882 1475; x_wconf 84' lang='lat' dir='ltr'>coclitis</span> <span class='ocrx_word' id='word_1_86' title='bbox 904 1411 1034 1494; x_wconf 79' lang='lat' dir='ltr'>scripsit</span> <span class='ocrx_word' id='word_1_87' title='bbox 1055 1409 1246 1494; x_wconf 79' lang='lat' dir='ltr'>Saracenas,</span> <span class='ocrx_word' id='word_1_88' title='bbox 1273 1433 1354 1490; x_wconf 80' lang='lat' dir='ltr'>quum</span> <span class='ocrx_word' id='word_1_89' title='bbox 1373 1417 1411 1474; x_wconf 85' lang='lat' dir='ltr'>iili</span> 
     </span>
     <span class='ocr_line' id='line_1_13' title="bbox 282 1521 1413 1606; baseline -0.002 -20"><span class='ocrx_word' id='word_1_90' title='bbox 282 1523 358 1586; x_wconf 83' lang='lat' dir='ltr'>Pius</span> <span class='ocrx_word' id='word_1_91' title='bbox 387 1523 503 1606; x_wconf 79' lang='lat' dir='ltr'>suasit,</span> <span class='ocrx_word' id='word_1_92' title='bbox 532 1523 642 1604; x_wconf 89' lang='lat' dir='ltr'>inepte</span> <span class='ocrx_word' id='word_1_93' title='bbox 670 1525 813 1606; x_wconf 88' lang='lat' dir='ltr'>uterque.</span> <span class='ocrx_word' id='word_1_94' title='bbox 859 1521 942 1586; x_wconf 86' lang='lat' dir='ltr'>Mira</span> <span class='ocrx_word' id='word_1_95' title='bbox 970 1544 1047 1586; x_wconf 89' lang='lat' dir='ltr'>sane</span> <span class='ocrx_word' id='word_1_96' title='bbox 1076 1525 1125 1585; x_wconf 90' lang='lat' dir='ltr'>est</span> <span class='ocrx_word' id='word_1_97' title='bbox 1151 1528 1182 1585; x_wconf 87' lang='lat' dir='ltr'>ci</span> <span class='ocrx_word' id='word_1_98' title='bbox 1201 1521 1289 1587; x_wconf 87' lang='lat' dir='ltr'>vocis</span> <span class='ocrx_word' id='word_1_99' title='bbox 1314 1522 1346 1585; x_wconf 90' lang='grc'>111</span> <span class='ocrx_word' id='word_1_100' title='bbox 1364 1527 1413 1586; x_wconf 85' lang='lat' dir='ltr'>celi</span> 
     </span>
     <span class='ocr_line' id='line_1_14' title="bbox 283 1629 1411 1717; baseline -0.004 -20"><span class='ocrx_word' id='word_1_101' title='bbox 283 1632 468 1717; x_wconf 82' lang='lat' dir='ltr'>depravatio</span> <span class='ocrx_word' id='word_1_102' title='bbox 474 1683 483 1715; x_wconf 89' lang='lat'><em>‚</em></span> <span class='ocrx_word' id='word_1_103' title='bbox 507 1653 602 1717; x_wconf 86' lang='lat' dir='ltr'>quam</span> <span class='ocrx_word' id='word_1_104' title='bbox 630 1653 695 1695; x_wconf 91' lang='lat' dir='ltr'>non</span> <span class='ocrx_word' id='word_1_105' title='bbox 717 1629 820 1696; x_wconf 88' lang='lat' dir='ltr'>habeo</span> <span class='ocrx_word' id='word_1_106' title='bbox 842 1654 904 1717; x_wconf 95' lang='lat' dir='ltr'>quo</span> <span class='ocrx_word' id='word_1_107' title='bbox 929 1632 1022 1696; x_wconf 91' lang='lat' dir='ltr'>modo</span> <span class='ocrx_word' id='word_1_108' title='bbox 1045 1631 1198 1696; x_wconf 86' lang='lat' dir='ltr'>accidisse</span> <span class='ocrx_word' id='word_1_109' title='bbox 1221 1631 1411 1716; x_wconf 72' lang='lat' dir='ltr'>probabiliter</span> 
     </span>
     <span class='ocr_line' id='line_1_15' title="bbox 242 1741 1410 1844; baseline -0.003 -37"><span class='ocrx_word' id='word_1_110' title='bbox 242 1741 507 1807; x_wconf 55' lang='lat' dir='ltr'>(demonstrem.</span> <span class='ocrx_word' id='word_1_111' title='bbox 554 1741 607 1844; x_wconf 36' lang='lat' dir='ltr'>[u.</span> <span class='ocrx_word' id='word_1_112' title='bbox 622 1745 729 1807; x_wconf 82' lang='lat' dir='ltr'>vetere</span> <span class='ocrx_word' id='word_1_113' title='bbox 757 1742 916 1826; x_wconf 73' lang='lat' dir='ltr'>scriptura</span> <span class='ocrx_word' id='word_1_114' title='bbox 943 1763 1024 1826; x_wconf 85' lang='lat' dir='ltr'>quae</span> <span class='ocrx_word' id='word_1_115' title='bbox 1051 1743 1115 1807; x_wconf 84' lang='lat' dir='ltr'>suit</span> <span class='ocrx_word' id='word_1_116' title='bbox 1140 1760 1199 1806; x_wconf 77' lang='lat' dir='ltr'>um</span> <span class='ocrx_word' id='word_1_117' title='bbox 1222 1743 1410 1826; x_wconf 72' lang='grc'>1101111110-</span> 
     </span>
     <span class='ocr_line' id='line_1_16' title="bbox 284 1851 1413 1943; baseline -0.002 -27"><span class='ocrx_word' id='word_1_118' title='bbox 284 1853 433 1918; x_wconf 88' lang='lat' dir='ltr'>babiliter</span> <span class='ocrx_word' id='word_1_119' title='bbox 465 1853 593 1938; x_wconf 86' lang='lat' dir='ltr'>repetiit</span> <span class='ocrx_word' id='word_1_120' title='bbox 621 1851 835 1918; x_wconf 90' lang='lat' dir='ltr'>Buechelerus</span> <span class='ocrx_word' id='word_1_121' title='bbox 868 1853 907 1916; x_wconf 90' lang='lat' dir='ltr'>de</span> <span class='ocrx_word' id='word_1_122' title='bbox 936 1853 1016 1916; x_wconf 91' lang='lat' dir='ltr'>decl.</span> <span class='ocrx_word' id='word_1_123' title='bbox 1047 1853 1103 1916; x_wconf 87' lang='lat' dir='ltr'>lat.</span> <span class='ocrx_word' id='word_1_124' title='bbox 1132 1875 1164 1936; x_wconf 91' lang='lat' dir='ltr'>p.</span> <span class='ocrx_word' id='word_1_125' title='bbox 1194 1853 1263 1943; x_wconf 84' lang='lat'>61.]</span> <span class='ocrx_word' id='word_1_126' title='bbox 1312 1851 1413 1929; x_wconf 81' lang='lat' dir='ltr'>Quodsi</span> 
     </span>
     <span class='ocr_line' id='line_1_17' title="bbox 284 1961 1414 2048; baseline -0.004 -22"><span class='ocrx_word' id='word_1_127' title='bbox 284 1963 492 2028; x_wconf 86' lang='lat' dir='ltr'>artificiorum</span> <span class='ocrx_word' id='word_1_128' title='bbox 513 1963 670 2028; x_wconf 87' lang='lat' dir='ltr'>machinis</span> <span class='ocrx_word' id='word_1_129' title='bbox 685 1963 875 2048; x_wconf 86' lang='lat' dir='ltr'>quibusdam</span> <span class='ocrx_word' id='word_1_130' title='bbox 897 1962 1065 2046; x_wconf 89' lang='lat' dir='ltr'>indulgere</span> <span class='ocrx_word' id='word_1_131' title='bbox 1087 1963 1209 2046; x_wconf 88' lang='lat' dir='ltr'>liceret,</span> <span class='ocrx_word' id='word_1_132' title='bbox 1236 1962 1366 2048; x_wconf 84' lang='lat' dir='ltr'>cogitari</span> <span class='ocrx_word' id='word_1_133' title='bbox 1385 1961 1414 2023; x_wconf 91' lang='lat' dir='ltr'>de</span> 
     </span>
     <span class='ocr_line' id='line_1_18' title="bbox 284 2071 1306 2157; baseline -0.002 -20"><span class='ocrx_word' id='word_1_134' title='bbox 284 2073 476 2157; x_wconf 82' lang='lat' dir='ltr'>glossemate</span> <span class='ocrx_word' id='word_1_135' title='bbox 498 2076 605 2156; x_wconf 89' lang='lat' dir='ltr'>posset</span> <span class='ocrx_word' id='word_1_136' title='bbox 627 2076 661 2138; x_wconf 87' lang='lat' dir='ltr'>et</span> <span class='ocrx_word' id='word_1_137' title='bbox 681 2074 770 2137; x_wconf 83' lang='lat' dir='ltr'>velut</span> <span class='ocrx_word' id='word_1_138' title='bbox 790 2071 851 2137; x_wconf 89' lang='lat' dir='ltr'>hoc</span> <span class='ocrx_word' id='word_1_139' title='bbox 873 2073 1023 2157; x_wconf 88' lang='lat' dir='ltr'>proponi:</span> <span class='ocrx_word' id='word_1_140' title='bbox 1302 2083 1306 2090; x_wconf 86' lang='lat'>&#39;</span> 
     </span>
    </p>

    <p class='ocr_par' dir='ltr' id='par_1_6' title="bbox 509 2215 1194 2290">
     <span class='ocr_line' id='line_1_19' title="bbox 509 2215 1194 2290; baseline 0 -16"><span class='ocrx_word' id='word_1_141' title='bbox 509 2217 649 2274; x_wconf 87' lang='lat' dir='ltr'>omissam</span> <span class='ocrx_word' id='word_1_142' title='bbox 671 2215 762 2274; x_wconf 80' lang='lat' dir='ltr'>faciat</span> <span class='ocrx_word' id='word_1_143' title='bbox 783 2215 948 2288; x_wconf 81' lang='lat' dir='ltr'>mirlierem,</span> <span class='ocrx_word' id='word_1_144' title='bbox 972 2233 1065 2290; x_wconf 91' lang='lat' dir='ltr'>quom</span> <span class='ocrx_word' id='word_1_145' title='bbox 1086 2215 1194 2274; x_wconf 73' lang='lat' dir='ltr'>caelibi</span> 
     </span>
    </p>

    <p class='ocr_par' dir='ltr' id='par_1_7' title="bbox 284 2300 1424 3178">
     <span class='ocr_line' id='line_1_20' title="bbox 508 2300 1072 2376; baseline -0.004 -16"><span class='ocrx_word' id='word_1_146' title='bbox 508 2303 587 2360; x_wconf 86' lang='lat' dir='ltr'>senis</span> <span class='ocrx_word' id='word_1_147' title='bbox 610 2300 702 2360; x_wconf 90' lang='lat' dir='ltr'>vicini</span> <span class='ocrx_word' id='word_1_148' title='bbox 724 2300 827 2376; x_wconf 78' lang='lat' dir='ltr'>cripiet</span> <span class='ocrx_word' id='word_1_149' title='bbox 848 2318 924 2358; x_wconf 87' lang='lat' dir='ltr'>uxor</span> <span class='ocrx_word' id='word_1_150' title='bbox 946 2300 1072 2358; x_wconf 79' lang='lat' dir='ltr'>nirbere:</span> 
     </span>
     <span class='ocr_line' id='line_1_21' title="bbox 284 2433 1419 2514; baseline -0.001 -20"><span class='ocrx_word' id='word_1_151' title='bbox 284 2453 360 2494; x_wconf 88' lang='lat' dir='ltr'>nam</span> <span class='ocrx_word' id='word_1_152' title='bbox 389 2452 454 2494; x_wconf 89' lang='lat' dir='ltr'>non</span> <span class='ocrx_word' id='word_1_153' title='bbox 482 2452 553 2494; x_wconf 88' lang='lat' dir='ltr'>raro</span> <span class='ocrx_word' id='word_1_154' title='bbox 583 2433 616 2496; x_wconf 87' lang='lat' dir='ltr'>et</span> <span class='ocrx_word' id='word_1_155' title='bbox 637 2437 759 2510; x_wconf 81' lang='lat' dir='ltr'>quaudo</span> <span class='ocrx_word' id='word_1_156' title='bbox 781 2437 923 2510; x_wconf 75' lang='lat' dir='ltr'>quoniam</span> <span class='ocrx_word' id='word_1_157' title='bbox 946 2451 1032 2510; x_wconf 83' lang='lat' dir='ltr'>quom</span> <span class='ocrx_word' id='word_1_158' title='bbox 1060 2451 1128 2494; x_wconf 87' lang='lat' dir='ltr'>esse</span> <span class='ocrx_word' id='word_1_159' title='bbox 1150 2435 1337 2514; x_wconf 86' lang='lat' dir='ltr'>permutata</span> <span class='ocrx_word' id='word_1_160' title='bbox 1357 2451 1419 2494; x_wconf 91' lang='lat' dir='ltr'>con·</span> 
     </span>
     <span class='ocr_line' id='line_1_22' title="bbox 285 2514 1420 2625; baseline -0.002 -21"><span class='ocrx_word' id='word_1_161' title='bbox 285 2544 351 2604; x_wconf 85' lang='lat' dir='ltr'>stat</span> <span class='ocrx_word' id='word_1_162' title='bbox 372 2543 405 2604; x_wconf 87' lang='lat' dir='ltr'>et</span> <span class='ocrx_word' id='word_1_163' title='bbox 427 2541 461 2605; x_wconf 90' lang='lat' dir='ltr'>in</span> <span class='ocrx_word' id='word_1_164' title='bbox 493 2541 563 2625; x_wconf 88' lang='lat' dir='ltr'>ipso</span> <span class='ocrx_word' id='word_1_165' title='bbox 586 2563 733 2606; x_wconf 87' lang='lat' dir='ltr'>versuum</span> <span class='ocrx_word' id='word_1_166' title='bbox 756 2541 843 2606; x_wconf 83' lang='lat' dir='ltr'>exitu</span> <span class='ocrx_word' id='word_1_167' title='bbox 877 2514 1016 2624; x_wconf 80' lang='lat' dir='ltr'>aliquam</span> <span class='ocrx_word' id='word_1_168' title='bbox 1045 2541 1095 2606; x_wconf 85' lang='lat' dir='ltr'>rel</span> <span class='ocrx_word' id='word_1_169' title='bbox 1120 2535 1287 2625; x_wconf 80' lang='lat' dir='ltr'>syllabam</span> <span class='ocrx_word' id='word_1_170' title='bbox 1304 2541 1351 2605; x_wconf 86' lang='lat' dir='ltr'>vel</span> <span class='ocrx_word' id='word_1_171' title='bbox 1377 2561 1420 2602; x_wconf 83' lang='grc'>10</span> 
     </span>
     <span class='ocr_line' id='line_1_23' title="bbox 286 2645 1422 2736; baseline -0.002 -22"><span class='ocrx_word' id='word_1_172' title='bbox 286 2645 390 2716; x_wconf 80' lang='lat' dir='ltr'>culam</span> <span class='ocrx_word' id='word_1_173' title='bbox 417 2650 580 2716; x_wconf 79' lang='lat' dir='ltr'>excidisse.</span> <span class='ocrx_word' id='word_1_174' title='bbox 626 2651 688 2716; x_wconf 80' lang='lat' dir='ltr'>Sed</span> <span class='ocrx_word' id='word_1_175' title='bbox 716 2655 843 2734; x_wconf 87' lang='lat' dir='ltr'>tamen,</span> <span class='ocrx_word' id='word_1_176' title='bbox 879 2672 951 2716; x_wconf 90' lang='lat' dir='ltr'>cum</span> <span class='ocrx_word' id='word_1_177' title='bbox 978 2655 1087 2715; x_wconf 83' lang='lat' dir='ltr'>caelibi</span> <span class='ocrx_word' id='word_1_178' title='bbox 1111 2672 1178 2715; x_wconf 91' lang='grc'>11011</span> <span class='ocrx_word' id='word_1_179' title='bbox 1206 2652 1314 2736; x_wconf 88' lang='lat' dir='ltr'>possit</span> <span class='ocrx_word' id='word_1_180' title='bbox 1341 2651 1422 2714; x_wconf 84' lang='lat' dir='ltr'>aliter</span> 
     </span>
     <span class='ocr_line' id='line_1_24' title="bbox 284 2761 1421 2846; baseline -0.003 -21"><span class='ocrx_word' id='word_1_181' title='bbox 284 2761 405 2827; x_wconf 88' lang='lat' dir='ltr'>dictum</span> <span class='ocrx_word' id='word_1_182' title='bbox 433 2783 501 2825; x_wconf 89' lang='lat' dir='ltr'>esse</span> <span class='ocrx_word' id='word_1_183' title='bbox 528 2761 591 2826; x_wconf 86' lang='lat' dir='ltr'>nisi</span> <span class='ocrx_word' id='word_1_184' title='bbox 619 2765 656 2826; x_wconf 88' lang='grc'>112</span> <span class='ocrx_word' id='word_1_185' title='bbox 682 2762 788 2826; x_wconf 83' lang='lat' dir='ltr'>valeat</span> <span class='ocrx_word' id='word_1_186' title='bbox 815 2769 928 2844; x_wconf 71' lang='lat' dir='ltr'>quippe</span> <span class='ocrx_word' id='word_1_187' title='bbox 954 2768 1007 2841; x_wconf 81' lang='lat' dir='ltr'>qui</span> <span class='ocrx_word' id='word_1_188' title='bbox 1026 2767 1144 2826; x_wconf 83' lang='lat' dir='ltr'>caelebs</span> <span class='ocrx_word' id='word_1_189' title='bbox 1164 2769 1219 2844; x_wconf 80' lang='lat' dir='ltr'>sii,</span> <span class='ocrx_word' id='word_1_190' title='bbox 1244 2761 1307 2828; x_wconf 90' lang='lat' dir='ltr'>hoc</span> <span class='ocrx_word' id='word_1_191' title='bbox 1329 2762 1421 2846; x_wconf 88' lang='lat' dir='ltr'>ipsum</span> 
     </span>
     <span class='ocr_line' id='line_1_25' title="bbox 285 2869 1422 2957; baseline -0.003 -22"><span class='ocrx_word' id='word_1_192' title='bbox 285 2893 414 2955; x_wconf 89' lang='lat' dir='ltr'>prorsus</span> <span class='ocrx_word' id='word_1_193' title='bbox 442 2893 508 2935; x_wconf 93' lang='lat' dir='ltr'>non</span> <span class='ocrx_word' id='word_1_194' title='bbox 535 2871 753 2957; x_wconf 84' lang='lat' dir='ltr'>intellegimus</span> <span class='ocrx_word' id='word_1_195' title='bbox 781 2894 837 2937; x_wconf 89' lang='lat' dir='ltr'>cur</span> <span class='ocrx_word' id='word_1_196' title='bbox 863 2872 994 2936; x_wconf 90' lang='lat' dir='ltr'>tandem</span> <span class='ocrx_word' id='word_1_197' title='bbox 1022 2870 1174 2955; x_wconf 84' lang='lat' dir='ltr'>addatur,</span> <span class='ocrx_word' id='word_1_198' title='bbox 1198 2873 1331 2957; x_wconf 88' lang='lat' dir='ltr'>quando</span> <span class='ocrx_word' id='word_1_199' title='bbox 1352 2869 1422 2936; x_wconf 90' lang='lat' dir='ltr'>nihil</span> 
     </span>
     <span class='ocr_line' id='line_1_26' title="bbox 285 2981 1423 3066; baseline -0.002 -20"><span class='ocrx_word' id='word_1_200' title='bbox 285 2986 334 3046; x_wconf 90' lang='lat' dir='ltr'>cst</span> <span class='ocrx_word' id='word_1_201' title='bbox 361 3004 417 3048; x_wconf 85' lang='lat' dir='ltr'>cur</span> <span class='ocrx_word' id='word_1_202' title='bbox 443 3003 574 3046; x_wconf 83' lang='lat' dir='ltr'>uxorem</span> <span class='ocrx_word' id='word_1_203' title='bbox 601 2981 751 3047; x_wconf 89' lang='lat' dir='ltr'>habuisse</span> <span class='ocrx_word' id='word_1_204' title='bbox 777 2983 883 3066; x_wconf 89' lang='lat' dir='ltr'>potius</span> <span class='ocrx_word' id='word_1_205' title='bbox 914 3003 1008 3066; x_wconf 87' lang='lat' dir='ltr'>quam</span> <span class='ocrx_word' id='word_1_206' title='bbox 1031 3003 1097 3045; x_wconf 92' lang='lat' dir='ltr'>non</span> <span class='ocrx_word' id='word_1_207' title='bbox 1122 2981 1278 3048; x_wconf 88' lang='lat' dir='ltr'>habuisse</span> <span class='ocrx_word' id='word_1_208' title='bbox 1301 2983 1423 3047; x_wconf 83' lang='lat' dir='ltr'>militem</span> 
     </span>
     <span class='ocr_line' id='line_1_27' title="bbox 284 3091 1424 3178; baseline -0.004 -20"><span class='ocrx_word' id='word_1_209' title='bbox 284 3093 492 3177; x_wconf 87' lang='lat' dir='ltr'>suspicemur.</span> <span class='ocrx_word' id='word_1_210' title='bbox 537 3091 628 3156; x_wconf 90' lang='lat' dir='ltr'>Nihil</span> <span class='ocrx_word' id='word_1_211' title='bbox 655 3097 761 3156; x_wconf 87' lang='lat' dir='ltr'>autem</span> <span class='ocrx_word' id='word_1_212' title='bbox 788 3092 973 3157; x_wconf 88' lang='lat' dir='ltr'>offensionis</span> <span class='ocrx_word' id='word_1_213' title='bbox 1006 3091 1091 3175; x_wconf 87' lang='lat' dir='ltr'>apud</span> <span class='ocrx_word' id='word_1_214' title='bbox 1117 3091 1275 3170; x_wconf 86' lang='lat' dir='ltr'>Plautum</span> <span class='ocrx_word' id='word_1_215' title='bbox 1309 3094 1424 3178; x_wconf 89' lang='lat' dir='ltr'>quidem</span> 
     </span>
    </p>
   </div>
   <div class='ocr_carea' id='block_1_4' title="bbox 284 3201 1424 3398">
    <p class='ocr_par' dir='ltr' id='par_1_8' title="bbox 284 3201 1424 3398">
     <span class='ocr_line' id='line_1_28' title="bbox 286 3201 1424 3287; baseline 0 -21"><span class='ocrx_word' id='word_1_216' title='bbox 286 3203 411 3286; x_wconf 91' lang='lat' dir='ltr'>inipso</span> <span class='ocrx_word' id='word_1_217' title='bbox 433 3203 497 3266; x_wconf 86' lang='lat' dir='ltr'>fine</span> <span class='ocrx_word' id='word_1_218' title='bbox 519 3223 628 3266; x_wconf 86' lang='lat' dir='ltr'>versus</span> <span class='ocrx_word' id='word_1_219' title='bbox 649 3204 790 3287; x_wconf 88' lang='lat' dir='ltr'>positum</span> <span class='ocrx_word' id='word_1_220' title='bbox 811 3210 841 3266; x_wconf 87' lang='lat' dir='ltr'>ei</span> <span class='ocrx_word' id='word_1_221' title='bbox 861 3201 969 3286; x_wconf 88' lang='lat' dir='ltr'>habet,</span> <span class='ocrx_word' id='word_1_222' title='bbox 993 3202 1120 3286; x_wconf 86' lang='lat' dir='ltr'>quando</span> <span class='ocrx_word' id='word_1_223' title='bbox 1140 3223 1207 3266; x_wconf 93' lang='lat' dir='ltr'>non</span> <span class='ocrx_word' id='word_1_224' title='bbox 1232 3205 1424 3270; x_wconf 81' lang='grc'>(1121102011-</span> 
     </span>
     <span class='ocr_line' id='line_1_29' title="bbox 284 3311 839 3398; baseline 0.004 -22"><span class='ocrx_word' id='word_1_225' title='bbox 284 3315 354 3376; x_wconf 89' lang='lat' dir='ltr'>tum</span> <span class='ocrx_word' id='word_1_226' title='bbox 376 3333 453 3376; x_wconf 91' lang='lat' dir='ltr'>casu</span> <span class='ocrx_word' id='word_1_227' title='bbox 474 3311 555 3376; x_wconf 85' lang='lat' dir='ltr'>dixit</span> <span class='ocrx_word' id='word_1_228' title='bbox 576 3313 644 3377; x_wconf 89' lang='lat' dir='ltr'>Mil.</span> <span class='ocrx_word' id='word_1_229' title='bbox 668 3313 725 3398; x_wconf 89' lang='lat' dir='ltr'>IV,</span> <span class='ocrx_word' id='word_1_230' title='bbox 750 3313 781 3396; x_wconf 83' lang='lat'>5,</span> <span class='ocrx_word' id='word_1_231' title='bbox 804 3313 839 3378; x_wconf 84' lang='lat'>5:</span> 
     </span>
    </p>
   </div>
   <div class='ocr_carea' id='block_1_5' title="bbox 382 3444 1317 3533">
    <p class='ocr_par' dir='ltr' id='par_1_9' title="bbox 382 3444 1317 3533">
     <span class='ocr_line' id='line_1_30' title="bbox 382 3444 1317 3533; baseline 0.002 -21"><span class='ocrx_word' id='word_1_232' title='bbox 382 3456 486 3512; x_wconf 77' lang='lat' dir='ltr'>verum</span> <span class='ocrx_word' id='word_1_233' title='bbox 508 3459 659 3530; x_wconf 88' lang='lat' dir='ltr'>postremo</span> <span class='ocrx_word' id='word_1_234' title='bbox 683 3444 842 3530; x_wconf 81' lang='lat' dir='ltr'>impetravi</span> <span class='ocrx_word' id='word_1_235' title='bbox 864 3457 899 3512; x_wconf 87' lang='lat' dir='ltr'>ut</span> <span class='ocrx_word' id='word_1_236' title='bbox 921 3453 1012 3526; x_wconf 81' lang='grc'>16101,</span> <span class='ocrx_word' id='word_1_237' title='bbox 1036 3454 1208 3530; x_wconf 76' lang='lat' dir='ltr'>donarique</span> <span class='ocrx_word' id='word_1_238' title='bbox 1233 3453 1317 3533; x_wconf 73' lang='lat' dir='ltr'>ei:*)</span> 
     </span>
    </p>
   </div>
   <div class='ocr_carea' id='block_1_6' title="bbox 309 3585 490 3596">
    <p class='ocr_par' dir='ltr' id='par_1_10' title="bbox 309 3585 490 3596">
     <span class='ocr_line' id='line_1_31' title="bbox 309 3585 490 3596; baseline -0.028 0"><span class='ocrx_word' id='word_1_239' title='bbox 309 3585 490 3596; x_wconf 74' lang='lat'>-..—.-.-—.</span> 
     </span>
    </p>
   </div>
   <div class='ocr_carea' id='block_1_7' title="bbox 253 3649 1432 4470">
    <p class='ocr_par' dir='ltr' id='par_1_11' title="bbox 253 3649 1432 4470">
     <span class='ocr_line' id='line_1_32' title="bbox 285 3649 1426 3724; baseline -0.005 -15"><span class='ocrx_word' id='word_1_240' title='bbox 285 3655 451 3724; x_wconf 82' lang='lat' dir='ltr'>argumento</span> <span class='ocrx_word' id='word_1_241' title='bbox 469 3669 520 3722; x_wconf 89' lang='lat' dir='ltr'>pro</span> <span class='ocrx_word' id='word_1_242' title='bbox 539 3655 682 3712; x_wconf 80' lang='lat' dir='ltr'>Ridicuiis</span> <span class='ocrx_word' id='word_1_243' title='bbox 701 3661 794 3710; x_wconf 81' lang='lat' dir='ltr'>autem</span> <span class='ocrx_word' id='word_1_244' title='bbox 812 3651 892 3707; x_wconf 86' lang='lat' dir='ltr'>video</span> <span class='ocrx_word' id='word_1_245' title='bbox 911 3651 946 3705; x_wconf 87' lang='lat' dir='ltr'>ab</span> <span class='ocrx_word' id='word_1_246' title='bbox 966 3651 997 3705; x_wconf 93' lang='grc' dir='ltr'>Ο.</span> <span class='ocrx_word' id='word_1_247' title='bbox 1011 3649 1148 3720; x_wconf 81' lang='lat' dir='ltr'>Seyfferto</span> <span class='ocrx_word' id='word_1_248' title='bbox 1161 3651 1308 3724; x_wconf 77' lang='lat' dir='ltr'>Philologi</span> <span class='ocrx_word' id='word_1_249' title='bbox 1327 3661 1346 3708; x_wconf 88' lang='grc'>2.</span> <span class='ocrx_word' id='word_1_250' title='bbox 1359 3651 1426 3707; x_wconf 77' lang='lat' dir='ltr'>XXV</span> 
     </span>
     <span class='ocr_line' id='line_1_33' title="bbox 284 3743 1424 3820; baseline -0.005 -18"><span class='ocrx_word' id='word_1_251' title='bbox 284 3767 312 3820; x_wconf 91' lang='lat' dir='ltr'>p.</span> <span class='ocrx_word' id='word_1_252' title='bbox 332 3755 383 3804; x_wconf 75' lang='lat'>439</span> <span class='ocrx_word' id='word_1_253' title='bbox 402 3746 590 3802; x_wconf 88' lang='lat' dir='ltr'>commendari</span> <span class='ocrx_word' id='word_1_254' title='bbox 609 3749 741 3805; x_wconf 83' lang='lat' dir='ltr'>Ridicule</span> <span class='ocrx_word' id='word_1_255' title='bbox 764 3750 789 3804; x_wconf 88' lang='lat' dir='ltr'>is</span> <span class='ocrx_word' id='word_1_256' title='bbox 808 3754 901 3804; x_wconf 77' lang='lat' dir='ltr'>erilem</span> <span class='ocrx_word' id='word_1_257' title='bbox 924 3765 965 3798; x_wconf 90' lang='lat'>-:</span> <span class='ocrx_word' id='word_1_258' title='bbox 996 3760 1053 3798; x_wconf 88' lang='lat' dir='ltr'>non</span> <span class='ocrx_word' id='word_1_259' title='bbox 1073 3743 1169 3814; x_wconf 89' lang='lat' dir='ltr'>inepte</span> <span class='ocrx_word' id='word_1_260' title='bbox 1191 3743 1222 3798; x_wconf 88' lang='lat' dir='ltr'>id</span> <span class='ocrx_word' id='word_1_261' title='bbox 1246 3746 1363 3814; x_wconf 83' lang='lat' dir='ltr'>quidem</span> <span class='ocrx_word' id='word_1_262' title='bbox 1384 3763 1424 3815; x_wconf 74' lang='lat' dir='ltr'>pei</span> 
     </span>
     <span class='ocr_line' id='line_1_34' title="bbox 253 3823 1429 3909; baseline -0.009 -11"><span class='ocrx_word' id='word_1_263' title='bbox 253 3823 259 3832; x_wconf 49' lang='grc'><strong>’</strong></span> <span class='ocrx_word' id='word_1_264' title='bbox 286 3861 323 3909; x_wconf 87' lang='lat' dir='ltr'>so,</span> <span class='ocrx_word' id='word_1_265' title='bbox 341 3841 457 3896; x_wconf 81' lang='grc'>11112111</span> <span class='ocrx_word' id='word_1_266' title='bbox 476 3840 718 3909; x_wconf 83' lang='lat' dir='ltr'>argumentatione</span> <span class='ocrx_word' id='word_1_267' title='bbox 736 3839 843 3904; x_wconf 86' lang='lat' dir='ltr'>fultum,</span> <span class='ocrx_word' id='word_1_268' title='bbox 863 3855 946 3907; x_wconf 87' lang='lat' dir='ltr'>quam</span> <span class='ocrx_word' id='word_1_269' title='bbox 959 3838 1025 3891; x_wconf 87' lang='lat' dir='ltr'>satis</span> <span class='ocrx_word' id='word_1_270' title='bbox 1037 3836 1171 3891; x_wconf 85' lang='lat' dir='ltr'>admirari</span> <span class='ocrx_word' id='word_1_271' title='bbox 1187 3854 1342 3906; x_wconf 80' lang='lat' dir='ltr'>nequeam.</span> <span class='ocrx_word' id='word_1_272' title='bbox 1367 3838 1429 3892; x_wconf 85' lang='lat' dir='ltr'>Illud</span> 
     </span>
     <span class='ocr_line' id='line_1_35' title="bbox 287 3929 1429 4004; baseline -0.005 -14"><span class='ocrx_word' id='word_1_273' title='bbox 287 3937 361 3990; x_wconf 91' lang='lat' dir='ltr'>enim</span> <span class='ocrx_word' id='word_1_274' title='bbox 380 3937 520 3999; x_wconf 81' lang='lat' dir='ltr'>ridiculis,</span> <span class='ocrx_word' id='word_1_275' title='bbox 539 3933 706 4001; x_wconf 85' lang='lat' dir='ltr'>Seyffertum</span> <span class='ocrx_word' id='word_1_276' title='bbox 726 3933 749 3986; x_wconf 91' lang='lat' dir='ltr'>si</span> <span class='ocrx_word' id='word_1_277' title='bbox 767 3930 903 3997; x_wconf 87' lang='lat' dir='ltr'>audimus,</span> <span class='ocrx_word' id='word_1_278' title='bbox 923 3931 1005 3985; x_wconf 78' lang='lat' dir='ltr'>‘lbsst</span> <span class='ocrx_word' id='word_1_279' title='bbox 1022 3929 1081 3984; x_wconf 89' lang='lat' dir='ltr'>sich</span> <span class='ocrx_word' id='word_1_280' title='bbox 1098 3947 1150 3983; x_wconf 91' lang='lat' dir='ltr'>nur</span> <span class='ocrx_word' id='word_1_281' title='bbox 1163 3929 1254 3985; x_wconf 86' lang='lat' dir='ltr'>durch</span> <span class='ocrx_word' id='word_1_282' title='bbox 1267 3933 1429 4004; x_wconf 72' lang='lat' dir='ltr'>Ergiuzung</span> 
     </span>
     <span class='ocr_line' id='line_1_36' title="bbox 286 4022 1429 4095; baseline -0.007 -13"><span class='ocrx_word' id='word_1_283' title='bbox 286 4047 340 4083; x_wconf 89' lang='lat' dir='ltr'>vou</span> <span class='ocrx_word' id='word_1_284' title='bbox 359 4032 449 4086; x_wconf 84' lang='lat' dir='ltr'>modis</span> <span class='ocrx_word' id='word_1_285' title='bbox 468 4027 536 4081; x_wconf 87' lang='lat' dir='ltr'>oder</span> <span class='ocrx_word' id='word_1_286' title='bbox 553 4026 730 4095; x_wconf 83' lang='lat' dir='ltr'>dergleiehen</span> <span class='ocrx_word' id='word_1_287' title='bbox 750 4025 904 4078; x_wconf 72' lang='lat' dir='ltr'>erklaren’:</span> <span class='ocrx_word' id='word_1_288' title='bbox 928 4023 957 4077; x_wconf 93' lang='lat' dir='ltr'>id</span> <span class='ocrx_word' id='word_1_289' title='bbox 975 4023 1049 4092; x_wconf 89' lang='lat' dir='ltr'>quod</span> <span class='ocrx_word' id='word_1_290' title='bbox 1067 4025 1125 4077; x_wconf 88' lang='lat' dir='ltr'>tam</span> <span class='ocrx_word' id='word_1_291' title='bbox 1142 4022 1304 4080; x_wconf 87' lang='lat' dir='ltr'>insolenter</span> <span class='ocrx_word' id='word_1_292' title='bbox 1321 4025 1388 4090; x_wconf 86' lang='lat' dir='ltr'>fieri,</span> <span class='ocrx_word' id='word_1_293' title='bbox 1405 4030 1429 4075; x_wconf 83' lang='lat' dir='ltr'>ut</span> 
     </span>
     <span class='ocr_line' id='line_1_37' title="bbox 286 4105 1430 4190; baseline -0.009 -14"><span class='ocrx_word' id='word_1_294' title='bbox 286 4121 443 4190; x_wconf 80' lang='lat' dir='ltr'>argumenti</span> <span class='ocrx_word' id='word_1_295' title='bbox 457 4119 586 4190; x_wconf 87' lang='lat' dir='ltr'>scriptori</span> <span class='ocrx_word' id='word_1_296' title='bbox 605 4119 690 4174; x_wconf 86' lang='lat' dir='ltr'>tribui</span> <span class='ocrx_word' id='word_1_297' title='bbox 708 4119 838 4186; x_wconf 88' lang='lat' dir='ltr'>nequeat.</span> <span class='ocrx_word' id='word_1_298' title='bbox 856 4105 973 4186; x_wconf 85' lang='lat' dir='ltr'>&#39;Ergone</span> <span class='ocrx_word' id='word_1_299' title='bbox 992 4117 1162 4172; x_wconf 84' lang='lat' dir='ltr'>ridicularia</span> <span class='ocrx_word' id='word_1_300' title='bbox 1180 4117 1247 4170; x_wconf 87' lang='lat' dir='ltr'>suut</span> <span class='ocrx_word' id='word_1_301' title='bbox 1267 4115 1430 4172; x_wconf 77' lang='lat' dir='ltr'>‘ridicrdarii</span> 
     </span>
     <span class='ocr_line' id='line_1_38' title="bbox 285 4208 1430 4278; baseline -0.006 -10"><span class='ocrx_word' id='word_1_302' title='bbox 285 4213 397 4268; x_wconf 80' lang='lat' dir='ltr'>modi’?</span> <span class='ocrx_word' id='word_1_303' title='bbox 431 4215 474 4268; x_wconf 88' lang='lat' dir='ltr'>An</span> <span class='ocrx_word' id='word_1_304' title='bbox 492 4231 554 4268; x_wconf 89' lang='lat' dir='ltr'>cum</span> <span class='ocrx_word' id='word_1_305' title='bbox 574 4221 656 4266; x_wconf 82' lang='lat' dir='ltr'>‘vera</span> <span class='ocrx_word' id='word_1_306' title='bbox 674 4211 764 4266; x_wconf 79' lang='lat' dir='ltr'>talsis’</span> <span class='ocrx_word' id='word_1_307' title='bbox 783 4209 893 4264; x_wconf 87' lang='lat' dir='ltr'>misceri</span> <span class='ocrx_word' id='word_1_308' title='bbox 911 4210 1037 4274; x_wconf 85' lang='lat' dir='ltr'>dicimus,</span> <span class='ocrx_word' id='word_1_309' title='bbox 1062 4209 1095 4263; x_wconf 90' lang='lat' dir='ltr'>de</span> <span class='ocrx_word' id='word_1_310' title='bbox 1119 4209 1208 4263; x_wconf 83' lang='lat' dir='ltr'>‘veris</span> <span class='ocrx_word' id='word_1_311' title='bbox 1231 4211 1344 4266; x_wconf 87' lang='lat' dir='ltr'>modis’</span> <span class='ocrx_word' id='word_1_312' title='bbox 1364 4208 1430 4278; x_wconf 73' lang='lat' dir='ltr'>cogi-</span> 
     </span>
     <span class='ocr_line' id='line_1_39' title="bbox 285 4304 898 4374; baseline -0.008 -13"><span class='ocrx_word' id='word_1_313' title='bbox 285 4309 377 4361; x_wconf 83' lang='lat' dir='ltr'>tamus</span> <span class='ocrx_word' id='word_1_314' title='bbox 397 4305 443 4374; x_wconf 90' lang='lat' dir='ltr'>qui</span> <span class='ocrx_word' id='word_1_315' title='bbox 462 4305 555 4360; x_wconf 77' lang='lat' dir='ltr'>‘falsis</span> <span class='ocrx_word' id='word_1_316' title='bbox 574 4304 676 4360; x_wconf 88' lang='lat' dir='ltr'>modis&#39;</span> <span class='ocrx_word' id='word_1_317' title='bbox 695 4305 898 4374; x_wconf 76' lang='lat' dir='ltr'>opponanturi]</span> 
     </span>
     <span class='ocr_line' id='line_1_40' title="bbox 354 4395 1432 4470; baseline 0 -20"><span class='ocrx_word' id='word_1_318' title='bbox 354 4399 378 4467; x_wconf 84' lang='lat'>*)</span> <span class='ocrx_word' id='word_1_319' title='bbox 410 4397 465 4468; x_wconf 90' lang='lat' dir='ltr'>[lbi</span> <span class='ocrx_word' id='word_1_320' title='bbox 482 4397 614 4466; x_wconf 86' lang='lat' dir='ltr'>quoniam</span> <span class='ocrx_word' id='word_1_321' title='bbox 631 4398 660 4452; x_wconf 88' lang='lat' dir='ltr'>iu</span> <span class='ocrx_word' id='word_1_322' title='bbox 678 4395 756 4452; x_wconf 86' lang='lat' dir='ltr'>libris</span> <span class='ocrx_word' id='word_1_323' title='bbox 775 4395 856 4452; x_wconf 84' lang='lat' dir='ltr'>valde</span> <span class='ocrx_word' id='word_1_324' title='bbox 875 4399 1004 4466; x_wconf 83' lang='lat' dir='ltr'>corrupte</span> <span class='ocrx_word' id='word_1_325' title='bbox 1021 4397 1064 4452; x_wconf 85' lang='lat' dir='ltr'>est</span> <span class='ocrx_word' id='word_1_326' title='bbox 1081 4399 1190 4470; x_wconf 65' lang='lat' dir='ltr'>donarii</span> <span class='ocrx_word' id='word_1_327' title='bbox 1206 4399 1280 4456; x_wconf 78' lang='lat' dir='ltr'>darc</span> <span class='ocrx_word' id='word_1_328' title='bbox 1299 4399 1345 4451; x_wconf 79' lang='lat' dir='ltr'>vel</span> <span class='ocrx_word' id='word_1_329' title='bbox 1363 4401 1432 4455; x_wconf 86' lang='lat' dir='ltr'>douo</span> 
     </span>
    </p>
   </div>
   <div class='ocr_carea' id='block_1_8' title="bbox 0 0 1504 5148">
    <p class='ocr_par' dir='ltr' id='par_1_12' title="bbox 0 0 1504 5148">
     <span class='ocr_line' id='line_1_41' title="bbox 0 0 1504 5148; baseline 0 0"><span class='ocrx_word' id='word_1_330' title='bbox 0 0 1504 5148; x_wconf 95' lang='lat' dir='ltr'> </span> 
     </span>
    </p>
   </div>
  </div>
 </body>
</html>
