3002 5146
421 390 643 440 euossaarvn
665 391 880 440 aasvrmvu.
1161 374 1222 438 237

98 541 206 606 Horum
234 543 330 628 longe
353 543 582 607 usitatissimus
606 545 744 628 primus:
768 544 905 608 alterum
927 543 961 607 in
983 543 1074 606 libris
1098 543 1225 606 circiter

97 653 219 736 triginta
239 655 378 738 repperi,
402 654 535 717 tertium
557 654 592 718 in
615 652 785 718 Vaticanis
807 653 902 718 2830.
927 653 1029 736 3871,
1055 652 1223 718 Ottoboni·

96 784 148 824 ano
168 763 259 845 2005,
282 762 509 827 Laurentianis
523 763 674 846 XXXVI,
697 763 750 828 42.
766 763 809 828 45
827 785 952 846 unoque
967 761 1222 826 vindobonensi.

95 870 185 936 Huius
217 876 324 936 autem
354 872 588 958 discrepantiae
618 895 763 938 caussam
785 873 979 957 perspicitur
1001 871 1101 936 solam
1124 872 1224 936 Aulu-

95 981 195 1045 lariam
227 982 343 1063 fuisse,
379 1005 455 1046 casu
477 982 583 1066 aliquo
605 983 644 1046 de
665 983 762 1047 tertio
785 982 855 1046 loeo
877 985 1017 1062 motam,
1050 982 1223 1065 repositam

96 1095 190 1156 autem
222 1093 315 1156 modo
337 1092 466 1175 ultimo,
501 1092 594 1156 modo
616 1093 729 1176 quinto
751 1093 831 1156 loco.
877 1091 976 1176 quue
999 1091 1104 1175 magis
1126 1091 1224 1156 etiam

96 1200 333 1286 hincapparet,
369 1201 453 1286 quod
475 1223 540 1266 non
563 1202 661 1266 semel
683 1205 831 1266 octavum
853 1202 959 1266 locum
981 1204 1096 1266 tenens
1119 1223 1157 1264 ea
1178 1201 1225 1266 fa·

97 1311 161 1374 bula
181 1313 227 1375 sio
248 1310 406 1394 iuscripta
428 1313 491 1375 est:
515 1319 623 1392 incipit
645 1317 806 1376 Aulularia
828 1317 982 1376 comoedia
1004 1318 1110 1388 tertio,
1135 1313 1171 1375 ut
1193 1311 1227 1374 in

98 1419 258 1484 Harleiano
280 1421 375 1484 2704.
422 1419 607 1505 Singularis
630 1425 737 1486 autem
760 1421 839 1486 haec
862 1424 950 1504 sunt,
974 1421 1057 1504 quod
1081 1420 1227 1484 11111111-

98 1530 197 1594 lariam
219 1533 294 1614 post
315 1529 504 1614 Epidicum,
527 1534 560 1593 et
584 1529 801 1596 Cistellariam
822 1534 897 1595 ante
920 1529 1071 1613 Captivos
1095 1530 1227 1594 colloca·

98 1643 140 1702 tas
160 1620 342 1704 Marcianus
365 1638 444 1720 XII,
478 1640 517 1704 31
541 1644 646 1724 tenet,
676 1639 1228 1705 1111111111111111112454Α11111-

99 1749 198 1812 lariam
219 1753 295 1834 post
317 1748 478 1832 Captivos,
503 1749 727 1815 Curculionem
749 1761 822 1835 post
844 1750 1023 1834 Epidicum.

171 1861 220 1923 Ad
242 1860 436 1944 posteriores
459 1869 566 1924 autem
588 1859 652 1924 XII
672 1860 799 1924 fabulas
815 1859 898 1944 quod
914 1859 1039 1942 attinet,
1063 1861 1228 1925 1111110111-

98 1977 172 2031 tatas
192 1970 285 2052 ordo,
321 1969 375 2052 qui
397 1991 435 2032 er
459 1968 597 2034 solarum
619 1970 793 2034 initialium
814 1969 925 2034 ordine
948 1969 1129 2034 litterarum
1151 1993 1228 2055 pen·

98 2079 152 2160 det,
173 2081 224 2144 vix
247 2089 355 2163 potest
376 2084 517 2143 mutatus
541 2079 603 2143 diei
624 2081 659 2144 in
682 2079 842 2144 Vaticano
866 2079 963 2161 1633,
992 2078 1026 2142 in
1049 2079 1228 2163 quoiseu-

99 2188 192 2252 dolum
215 2241 223 2254 .
249 2239 258 2254 .
285 2239 292 2252 .
316 2189 546 2253 Truculeutum
568 2189 734 2273 excipiunt
756 2189 932 2254 Bacchides
955 2238 963 2252 .
988 2237 996 2252 .
1022 2239 1029 2254 .
1052 2189 1228 2255 Mercator:

98 2321 167 2381 quae
198 2298 337 2384 simplex
370 2298 510 2364 inversio
543 2309 591 2363 est
624 2300 826 2364 dimidiarum
849 2299 997 2383 partium.
1043 2298 1229 2384 Singularis

98 2409 240 2490 praebent
266 2409 504 2473 Ottobonianus
536 2409 620 2473 2028
651 2419 683 2473 et
717 2410 814 2474 codex
837 2408 916 2473 coll.
940 2407 1032 2472 Rom.
1055 2409 1086 2473 4.
1112 2409 1147 2474 O.
1171 2412 1228 2476 39:

97 2539 216 2599 quorum
246 2518 305 2582 ille
339 2541 411 2582 eum
433 2519 578 2583 ordinem
600 2520 754 2603 sequitur,
778 2541 871 2603 quem
893 2519 980 2582 infra
1002 2520 1164 2601 posuimus
1187 2519 1228 2603 V,

98 2625 141 2710 hic
171 2651 241 2693 eum
280 2650 373 2712 quem
400 2628 456 2693 IV.
467 2629 498 2712 ²¹²)
543 2627 605 2693 Sed
628 2629 807 2718 antiquiore
829 2632 934 2692 aetate
956 2650 1053 2692 unam
1075 2629 1228 2711 fabulam,

98 2735 283 2820 BacchideS,
321 2741 447 2803 constat
479 2738 609 2802 omniuo
636 2760 703 2802 non
729 2739 829 2802 fuisse
865 2739 900 2801 in
932 2737 1143 2822 posteriorum
1173 2762 1230 2803 nu-

97 2869 186 2932 mero,
220 2869 336 2913 verum
369 2851 406 2911 ut
438 2851 508 2911 erat
541 2857 791 2912 consentaneum
824 2870 915 2912 suam
948 2849 1054 2911 sedern
1087 2869 1230 2912 servasse

96 2961 159 3040 post
191 2957 325 3023 fabulas
363 2957 405 3020 ab
438 2965 464 3020 Α
495 2958 604 3021 littera
638 2957 849 3043 incipientes:
888 2958 927 3020 de
960 2979 1021 3040 quo
1054 2956 1132 3019 satis
1165 2956 1229 3020 die·
1249 2964 1278 3015 tx

96 3071 155 3131 tum
176 3069 347 3154 Parergon
369 3067 430 3131 vol.
455 3068 469 3131 I
492 3091 523 3152 p.
548 3069 608 3131 391
626 3089 673 3151 sq.
717 3068 859 3152 Eiusque
881 3066 1001 3129 ordinis
1017 3065 1230 3129 Ambrosiauo

98 3182 300 3262 antipatrem)
338 3199 425 3242 nuno
461 3178 542 3241 alter
572 3179 663 3241 testis
693 3179 817 3242 accedit
843 3175 991 3260 glossarii
1018 3174 1103 3238 illius
1132 3175 1231 3260 scrip-

98 3289 208 3370 tor**),
247 3289 285 3356 in
322 3287 393 3352 aliis
421 3309 485 3351 nou
515 3287 718 3351 mediocriter
744 3287 929 3370 discrepans
957 3285 998 3348 ab
1025 3283 1230 3350 Ambrosiaui

155 3553 180 3620 ⁸)
201 3553 334 3607 Priorum
357 3552 420 3604 octo
437 3551 595 3604 fabularum
618 3547 687 3606 ordo
704 3548 733 3603 in
751 3549 849 3603 neutro
868 3549 962 3604 codiee
980 3547 1122 3620 discrepat
1139 3568 1157 3606 a
1174 3551 1230 3606 vul·

98 3645 161 3710 gari:
189 3645 382 3716 posteriorum
404 3643 497 3712 plures
520 3661 604 3711 quam
627 3661 697 3711 quas
715 3643 788 3696 intra
806 3641 964 3712 scripsimus
981 3644 1079 3698 neuter
1098 3644 1229 3699 continet.

99 3737 251 3794 -Persam
271 3739 368 3793 autem
385 3753 458 3806 pone
474 3736 620 3806 Epidicum
638 3735 730 3790 tenuit
747 3723 831 3789 etiam
849 3737 918 3790 alius
937 3737 1035 3805 codex,
1055 3736 1131 3792 cuius
1148 3737 1232 3791 hodie

97 3831 145 3884 tn'a
160 3835 272 3887 tautum
292 3829 458 3884 schedarum
475 3829 556 3898 paria
577 3830 739 3898 supersunt,
769 3828 961 3897 conglutinata
984 3847 1018 3884 ea
1036 3847 1053 3884 1
1069 3829 1232 3899 bibliopega

97 3921 237 3979 involueris
265 3924 388 3977 duorum
415 3923 540 3976 codicum
563 3921 794 3977 Terentianomm
820 3920 1006 3977 bibliothecae
1030 3920 1232 3975 Ambrosianae

98 4016 250 4081 11111111.
276 4019 308 4072 et
325 4015 363 4081 11,
382 4021 414 4068 25
431 4014 490 4082 inf.)
535 4016 657 4080 Quarum
684 4014 848 4068 schedarum
875 4032 930 4069 una
957 4031 1018 4068 cum
1044 4014 1098 4068 fine
1124 4011 1233 4082 Epidici

98 4107 180 4175 ipsum
196 4111 311 4164 initium
331 4108 432 4162 Persae
454 4107 575 4162 exhibet.

157 4205 196 4271 ἥ)
228 4203 382 4274 [Quartum
405 4217 477 4254 nune
497 4201 585 4256 habes
607 4201 666 4254 eius
689 4201 880 4256 commentarii
897 4200 1074 4269 scriptorem,
1104 4213 1185 4266 quem
1204 4200 1232 4255 in

98 4292 171 4348 Nonii
193 4297 283 4366 copiis
306 4293 458 4362 indagasse
480 4293 741 4349 Schottmuelterum
764 4311 849 4364 supra
870 4293 934 4347 dixi.
971 4291 1025 4346 Vbi
1043 4292 1096 4344 hoc
1114 4308 1172 4346 sese
1191 4311 1232 4350 or-

100 4385 155 4442 dine
171 4387 310 4444 tredecim
330 4386 441 4441 tabulae
460 4385 615 4452 Plautinae,
640 4403 755 4466 quarum
774 4386 885 4455 quidem
904 4384 942 4437 ibi
962 4383 1065 4439 mentio
1084 4383 1128 4452 fit,
1151 4403 1226 4444 exce·
