3002 5146
253 219 315 282 246
595 233 816 282 enosssruvu
842 224 1057 278 ruavnmvrr.

254 388 341 453 tibus
364 389 549 471 excerptum
571 389 620 452 est
643 390 707 468 aut,
731 386 862 450 turbato
884 384 1012 470 quidem
1036 405 1185 448 versuum
1207 384 1327 467 ordine,
1346 387 1379 448 ed

253 497 313 580 III,
337 497 368 575 5,
390 498 433 562 59
454 499 589 580 spectet,
613 519 707 581 quem
729 496 834 560 locum
857 494 1090 578 impeditiorem
1113 494 1215 558 audeo
1238 494 1321 578 (nan
1335 493 1380 558 ali·

254 607 330 692 quid
352 606 531 671 audendum
554 609 603 670 est
624 608 716 693 sene)
739 605 785 670 sic
807 605 1027 689 redintegrare
1050 603 1273 669 oonieetando:

381 731 482 807 Negtt
503 749 615 805 ponere
637 731 697 789 elio
719 730 809 789 modo
831 729 894 788 rillo
917 728 1069 804 profecte,

382 815 423 873 Ni
445 817 509 874 sese
531 815 607 874 seitt
628 815 716 875 vilied
738 833 799 874 non
823 814 926 873 datum
948 813 995 872 ln'.

322 900 478 975 ST.Atqui
501 900 650 975 ingratiis,
674 901 746 976 quoi
768 919 829 958 non
850 899 924 970 velt,
947 899 1043 957 nubet
1064 898 1163 956 hodie.

382 985 461 1044 Nam
483 985 536 1042 mir
556 1003 618 1044 non
640 1003 696 1062 ego
719 985 751 1042 id
773 987 952 1059 perpetrem,
976 983 1059 1058 qnod
1081 979 1149 1062 [ego
1173 983 1295 1058 occepi,

383 1069 427 1127 Vt
447 1069 544 1126 nribat
565 1069 659 1127 mihil
681 1069 757 1127 illud
780 1069 902 1144 quidem
923 1067 1078 1126 nolebam:
1102 1064 1207 1147 [immo
1376 1073 1390 1121 5

383 1153 495 1213 Nostrd
518 1153 607 1212 vilico
632 1149 678 1232 [rit
699 1149 816 1232 nubet]
839 1153 898 1210 Pa,
922 1153 1071 1228 saepicule
1093 1156 1208 1227 placeas.

323 1239 488 1298 summor
510 1239 668 1313 praepedit
687 1239 789 1311 verba,
812 1241 916 1296 verum
939 1237 1061 1296 obsecro
1084 1237 1133 1296 die
1160 1233 1237 1312 -*)

259 1361 378 1437 Quodsi
395 1361 434 1424 de
450 1359 592 1423 numeris
609 1351 791 1424 bacchiaeis
806 1359 859 1423 vix
876 1381 969 1442 posse
981 1359 1120 1423 dubitari
1138 1362 1284 1443 apparet,
1296 1380 1393 1424 eonse-

260 1471 369 1555 quitur
380 1470 600 1554 refragantem
611 1469 639 1534 ei
651 1473 753 1533 metro
764 1476 952 1549 saepiuscule
961 1468 1099 1534 formem
1111 1491 1128 1534 e
1140 1473 1291 1553 corrupto
1302 1491 1393 1533 exem·

261 1581 343 1666 pleri
355 1579 500 1644 hausisse
515 1579 797 1664 glossographum:
812 1601 873 1643 nee
888 1579 975 1644 hune
990 1581 1128 1663 tentum,
1145 1579 1202 1643 sed
1213 1579 1311 1643 etiam
1320 1578 1394 1642 Pris-

198 1719 210 1742 ι
262 1693 390 1756 sianum
404 1689 453 1754 ΙΙΙ
467 1712 498 1772 p.
515 1689 574 1754 611
593 1689 670 1774 (104
684 1687 742 1771 Η.)
758 1688 900 1753 indidem
915 1689 994 1753 haee
1010 1688 1242 1772 proferentem:
1266 1701 1298 1754 ul
1312 1693 1395 1753 ardui

133 1785 139 1850 .'
261 1807 352 1866 milii:
363 1807 442 1864 illud
451 1806 571 1879 quidem
583 1805 715 1864 uolebam
728 1810 831 1864 uoslro
842 1807 940 1864 vilica.
953 1805 1141 1879 saepiuscule
1147 1820 1272 1879 peccas.
1289 1799 1396 1882 Exqui·

262 1910 404 1975 sitiorem
425 1917 576 1990 saepicule
591 1909 729 1973 formum
750 1909 847 1973 etiem
865 1908 1005 1992 Appulei
1027 1909 1168 1973 imitatio
1192 1909 1395 1974 commendat.

346 2019 392 2084 In
415 2019 664 2085 Cistellaria.
698 2020 1035 2096 illaudiussealus
1050 2019 1147 2104 (qnod
1163 2018 1284 2084 rectius
1298 2025 1397 2084 nudius

262 2142 366 2197 sextus
396 2130 515 2194 scribes
548 2128 628 2193 duce
650 2129 765 2193 Plauto
788 2128 927 2193 Mostell.
962 2128 1019 2212 IV,
1054 2130 1085 2208 2,
1109 2129 1152 2193 40
1174 2151 1221 2213 sq.
1246 2129 1323 2212 (956
1343 2131 1397 2214 sq.)

263 2243 334 2306 uam
356 2246 426 2304 iteri
445 2249 474 2304 el
496 2244 606 2303 nudius
628 2241 746 2316 tertius,
774 2241 915 2322 Quartus,
939 2246 1071 2319 quimus,
1094 2241 1200 2304 se'alus
1221 2242 1328 2324 usque)
1342 2261 1399 2304 non

264 2353 371 2416 exstat
402 2350 438 2413 in
461 2348 507 2412 eis
528 2370 610 2432 quae
633 2351 770 2413 aetatem
793 2348 937 2413 tolerrmt
960 2347 1159 2414 Cistellariee
1180 2351 1341 2434 pertibus.
1362 2386 1399 2398 —

264 2461 316 2525 Ad
337 2459 422 2523 idem
444 2479 547 2543 genus
568 2459 734 2545 pertinent
756 2462 776 2540 ξ
799 2459 841 2522 24
862 2464 971 2523 nudius
993 2470 1122 2538 quartus
1144 2459 1238 2525 Cure.
1263 2460 1290 2542 l,
1314 2462 1344 2543 3,
1364 2460 1401 2523 50

265 2569 356 2654 (206)
373 2569 547 2648 parasitum
562 2575 632 2633 misi
644 2570 755 2634 aldius
777 2580 906 2648 quartas
918 2571 1055 2652 Ca'riam3
1078 2573 1098 2650 ξ
1120 2569 1163 2633 44
1177 2576 1292 2635 aridius
1307 2581 1402 2635 scalas

265 2679 445 2745 Trinnmmi
459 2677 519 2760 III,
542 2678 574 2760 2,
600 2677 658 2742 101
676 2679 767 2765 (727)
784 2681 893 2744 aldius
908 2691 1010 2744 seatus
1024 2681 1097 2758 quoi
1108 2687 1255 2744 talentum
1282 2681 1402 2744 miluom

266 2796 353 2855 Dedi.
399 2788 474 2853 Alis
503 2787 648 2871 exempla
669 2788 839 2872 Epidicus,
875 2788 1038 2872 Cerealia,
1070 2789 1289 2854 Truculentus
1322 2811 1405 2875 prae-

266 2900 354 2965 bent.
388 2897 537 2962 Formam
558 2899 804 2982 grammaticam
823 2900 918 2984 tetigi
941 2899 1023 2963 Mus.
1038 2898 1141 2963 Rhen.
1158 2898 1222 2970 ‚Vll
1238 2923 1272 2983 p.
1286 2901 1349 2965 599
1360 2921 1402 2982 sq.

354 3009 392 3073 18
414 3014 639 3086 summatim,
674 3007 753 3072 item
778 3010 816 3072 lu
838 3014 1063 3088 beaipuiler
1090 3009 1213 3093 pariter
1236 3009 1279 3073 ed
1303 3009 1406 3075 Cistel-

266 3120 366 3185 lariae
388 3121 444 3182 aut
464 3117 586 3181 luceres
608 3139 741 3182 scaenas
764 3121 820 3182 aut
842 3118 1024 3203 deperditas
1045 3120 1224 3203 pertinent.

350 3229 396 3292 ln
419 3227 669 3293 Curculione.
713 3227 1086 3294 noaexerovorsam:
1132 3229 1224 3294 eure.
1249 3229 1278 3313 Ι,
1306 3233 1341 3314 1,
1374 3229 1410 3294 70

268 3339 338 3423 (70)
361 3343 396 3402 Si
416 3336 487 3402 dias
507 3345 634 3422 salutas,
659 3342 890 3404 dc'alravorsum
912 3343 1028 3404 ce'useo.

337 3507 362 3574 *)
379 3505 469 3561 Versu
486 3512 501 3560 2
520 3523 584 3564 sese
602 3524 654 3576 pro
672 3525 704 3566 se
720 3506 922 3562 Ambrosianus
992 3513 1008 3562 3
1027 3514 1110 3576 alque
1128 3512 1254 3576 inpralis
1274 3508 1362 3564 Vetus

269 3620 365 3671 aa...
384 3615 446 3653 eum
464 3615 563 3654 rasura
580 3599 679 3655 Vetus:
698 3605 765 3670 quia
783 3619 819 3654 m.
839 3617 892 3655 see.
951 3603 1060 3668 lquod
1076 3604 1158 3669 coepi
1174 3599 1264 3655 vetus
1329 3605 1411 3670 baui-

172 3717 173 3722 ¹
269 3697 332 3751 dem
352 3694 478 3750 uolebam
497 3711 554 3750 uon
571 3696 623 3750 sed
641 3702 738 3752 nostro
758 3696 847 3751 vilico.
870 3695 932 3751 Pa,
955 3694 1085 3761 Sepicule
1105 3709 1210 3763 peccas
1226 3691 1327 3749 Vetus.
1363 3693 1412 3748 De·

269 3785 404 3841 teriorum
422 3785 548 3840 codicum
570 3786 740 3841 mentionem
757 3786 846 3840 sciens
865 3785 958 3852 omisi3
976 3785 1004 3838 in
1023 3785 1210 3840 Ambrosiano
1228 3791 1327 3842 entem
1345 3787 1413 3840 ultre

270 3897 295 3934 v.
316 3887 340 3945 3,
357 3879 386 3932 in
406 3895 488 3946 quem
508 3877 610 3932 desinit
626 3877 745 3948 pagina,
769 3879 826 3948 legi
847 3878 918 3932 nihil
934 3877 1034 3948 potuit.
1073 3877 1154 3950 [Sero
1172 3880 1341 3936 reeordatus
1358 3897 1412 3934 sum

270 3974 321 4028 hos
338 3988 434 4028 versus
452 3971 534 4027 aliter
557 3989 591 4026 ac
612 3973 732 4027 sortasse
754 3973 857 4027 rectius
880 3989 897 4026 a
919 3971 1097 4027 Fleckeiseno
1118 3973 1237 4027 tractari
1256 3975 1337 4029 Mise.
1357 3973 1410 4028 erit.

270 4085 297 4135 p.
314 4073 353 4120 10.
378 4069 468 4134 Aquo
487 4082 549 4120 cum
561 4068 705 4135 saepicule
723 4067 814 4121 forma
832 4065 976 4120 commode
995 4066 1170 4135 componitur
1181 4065 1310 4122 Andriae
1329 4085 1353 4121 v.
1367 4072 1412 4120 814

271 4157 433 4212 restitutum
453 4162 625 4228 prandicula
655 4160 696 4226 (ut
718 4161 904 4226 araaidicules
926 4159 1041 4213 Poennli
1059 4160 1098 4226 ΙΙ,
1120 4163 1178 4227 35),
1208 4161 1287 4226 quod
1311 4157 1411 4216 librarii

273 4269 335 4305 eum
353 4249 448 4318 eisque
467 4251 614 4306 Cledonius
633 4252 661 4306 in
678 4255 887 4320 prandiuscula
906 4251 1124 4324 perverterunt]
