2980 5148
424 367 646 426 oaosssnrvu
668 377 883 424 resvrruvu.
1161 359 1224 424 265

174 530 215 594 ln
237 529 371 594 Persa.
418 529 458 593 78
480 535 711 609 quadriduo:
748 528 864 594 Persae
886 530 913 612 Ι,
939 532 968 610 l,
991 530 1032 594 38
1056 529 1122 609 (37)
1148 531 1224 604 Ouio

98 647 224 704 continuo
257 642 314 704 tibi
333 661 480 720 reponam
503 647 534 703 in
555 645 613 704 troc
635 641 737 704 trotino
759 652 812 703 aut
833 641 1017 720 qaadm‘dao.
1063 638 1115 704 Sic
1138 639 1223 702 enim

97 749 286 814 scribendum
317 772 390 814 cum
412 749 502 813 libris
524 750 669 833 quamvis
692 750 852 833 asperiore
876 750 1091 834 correptione,
1130 753 1167 813 ut
1188 749 1223 813 in

96 861 224 923 numeris
255 859 475 942 liberioribus,
510 879 578 923 nou
599 859 753 944 legitimis
776 859 998 944 continuisque
1021 859 1222 944 septenariis

96 968 208 1054 Quippe
231 973 384 1034 constans
407 969 511 1034 estin
533 970 594 1034 hoc
616 978 788 1055 generem
810 971 1056 1054 praepositionis
1072 968 1222 1052 accessio,

96 1083 126 1144 at
142 1057 311 1144 ilsinariae
333 1079 391 1163 IV,
418 1085 446 1163 i,
471 1079 511 1143 19
534 1080 622 1162 (764)
646 1088 680 1144 ui
700 1087 732 1145 ia
754 1082 928 1160 quadriduo
943 1083 1142 1156 Abalienarit,
1168 1079 1222 1144 abi

95 1189 237 1254 iaVetus
259 1194 384 1273 tuetur3
407 1190 484 1253 item
507 1189 657 1254 Pseuduli
679 1191 706 1273 l,
729 1192 760 1274 3,
784 1191 826 1254 82
848 1190 937 1274 (316)
960 1212 1016 1269 epo
1038 1197 1070 1254 ia
1091 1194 1148 1254 boc
1171 1191 1221 1252 tri-

96 1305 148 1364 duo
170 1349 178 1363 .
202 1350 209 1363 .
235 1355 241 1367 .
264 1303 399 1364 evotaam
427 1295 464 1364 'id
496 1299 653 1377 arpentum
687 1306 751 1364 tibi.
791 1340 827 1352 -
866 1299 1024 1364 Vitiosum
1057 1305 1222 1378 quatriduo

95 1410 274 1493 scripturam
302 1409 527 1474 Fleckeisenus
556 1409 693 1492 explosit
714 1411 748 1474 in
772 1409 929 1494 ‘Fiinfzig
951 1408 1094 1473 Artikel’
1124 1431 1155 1492 p.
1180 1409 1221 1473 25

93 1540 147 1601 sq.:
168 1541 303 1603 quocum
327 1520 368 1583 ci.
391 1519 625 1603 praefationem
647 1520 682 1584 in
704 1519 836 1583 Persam
857 1523 1001 1584 nostram
1024 1541 1055 1602 p.
1080 1519 1120 1582 X.

167 1629 332 1694 itiitere:
355 1629 473 1693 Persae
495 1629 521 1711 Ι,
545 1631 576 1711 3,
599 1630 641 1693 28
664 1631 772 1713 (108);
797 1629 869 1693 vide
892 1630 932 1692 ad
955 1633 975 1710 ξ
998 1629 1049 1692 52.

165 1740 206 1803 80
227 1746 404 1819 temperi:
426 1739 469 1802 ib.
493 1739 536 1821 Π,
559 1740 590 1821 2,
614 1739 654 1803 47
678 1740 784 1821 (228);
806 1737 877 1802 vide
900 1739 940 1802 ad
962 1743 982 1818 ξ
1005 1739 1057 1802 66.

166 1848 200 1912 81
228 1855 421 1914 amiciter:
443 1849 487 1912 ib.
504 1847 547 1931 Π,
563 1849 594 1932 3,
618 1850 638 1914 3
661 1849 749 1932 (255)
776 1850 918 1924 Quoniam
941 1869 1006 1913 meo
1028 1856 1126 1914 amico
1148 1849 1221 1911 ami-

89 1965 158 2021 citer
177 1965 261 2025 tunc
283 1961 503 2024 commoditatis
523 1961 644 2039 co'piam
667 1960 801 2023 Daaziot.
871 1961 879 1977 ⁶

163 2069 204 2133 82
226 2079 378 2146 truttam,
414 2069 441 2132 si
463 2067 621 2132 Prisciani
643 2068 733 2132 libris
756 2069 845 2149 fides,
868 2067 1119 2152 glossographus
1141 2067 1222 2151 legit

89 2177 118 2240 in
139 2179 244 2244 codice
270 2201 327 2242 suo
349 2178 466 2243 Persae
487 2177 530 2260 ΙΙ,
554 2179 585 2261 3,
611 2179 651 2242 12
672 2178 772 2263 (265),
797 2179 851 2242 ubi
872 2191 1014 2243 tamtan:
1029 2177 1078 2240 vel
1094 2189 1151 2242 tum
1165 2188 1222 2241 tam

87 2309 150 2352 cum
171 2289 389 2353 Ambrosiano
411 2287 618 2370 Vrsinisnus,
642 2301 761 2354 turcos
781 2287 940 2354 Palatini:
985 2287 1047 2354 Dia
1068 2310 1128 2368 quo
1148 2293 1222 2352 bema

85 2411 153 2477 crat,
176 2406 227 2464 die
248 2401 312 2464 aino
333 2405 503 2464 absolvam:
525 2399 582 2462 trix
603 2409 661 2474 tam
681 2410 767 2478 torpa
789 2406 846 2462 crit
866 2396 945 2464 mio:
972 2421 1032 2464 noa
1054 2419 1139 2464 caro.
1171 2397 1222 2462 Ea

86 2513 181 2572 autem
216 2510 326 2572 forma
358 2530 421 2592 qua
455 2511 542 2572 certa
574 2509 698 2572 ratione
721 2509 960 2572 commendetur
981 2531 1058 2593 prae
1080 2531 1118 2572 ea
1139 2530 1220 2592 quae

85 2617 227 2703 vulgatur
264 2631 322 2682 tax
354 2629 425 2696 tax,
464 2617 627 2682 subtiliter
663 2617 842 2682 Fridericus
870 2618 999 2682 Diezins
1032 2619 1160 2701 aperuit
1185 2618 1220 2682 ia

84 2725 206 2792 Hoefcri
232 2727 442 2792 ‘Zeitschrift
473 2728 526 2792 fiir
558 2728 609 2790 die
632 2727 871 2792 Wissenschaft
897 2728 953 2792 der
975 2727 1134 2811 Sprache'
1157 2726 1218 2792 vol.

84 2834 125 2901 ΠΙ
146 2861 176 2922 p.
199 2839 287 2919 400,
325 2837 364 2902 de
386 2837 509 2901 variata
531 2837 707 2901 intralibus
729 2836 929 2922 singularum
952 2838 1146 2921 syllabarum
1168 2859 1220 2900 vo·

84 2946 137 3010 cali
168 2969 277 3032 agens
310 2967 561 3031 comparansque
594 2953 765 3012 bata-batto
788 2946 990 3012 Naeuianum
1021 2950 1103 3010 teste
1126 2946 1221 3010 Festo

81 3054 164 3122 Pauli
187 3081 219 3142 p.
245 3057 305 3140 36,
327 3057 348 3120 6
370 3055 427 3137 Μ,
458 3055 645 3121 Plautinum
668 3055 812 3122 Charisia
835 3060 963 3121 auctore
985 3079 1017 3139 p.
1040 3055 1104 3119 242
1125 3055 1221 3119 Κ.-

82 3165 221 3232 Ceterum
256 3187 325 3250 quo
352 3166 418 3230 sive
441 3166 573 3230 consilio
597 3168 662 3231 sive
686 3189 760 3231 casu
783 3170 816 3231 et
838 3187 943 3230 errore
965 3167 999 3229 in
1021 3165 1114 3229 huius
1137 3166 1220 3250 glos-

81 3297 127 3340 sae
148 3278 345 3342 societatem
366 3277 491 3340 venerit
512 3299 549 3340 ea
572 3277 795 3360 interpretatio
818 3299 899 3361 quae
922 3297 941 3338 a
961 3283 1146 3355 protulaadi
1166 3299 1221 3340 no·

82 3385 168 3455 tione
182 3387 286 3452 ducta
312 3389 376 3468 est,
413 3385 518 3450 fateor
539 3409 589 3450 me
611 3388 762 3471 ignorare
784 3387 874 3450 iuxta
897 3408 968 3450 cum
990 3387 1220 3472 ignarissomo:

83 3500 140 3559 lam
161 3497 218 3562 illo
242 3520 263 3561 a
287 3495 406 3560 Persae
429 3518 520 3560 versu
541 3497 637 3581 longe
652 3496 839 3580 planissimo
856 3495 1015 3561 abhorret.
1053 3497 1098 3561 Et
1112 3501 1221 3562 tamen

82 3607 208 3672 candem
232 3629 312 3672 cum
334 3604 541 3689 Scaligerano
563 3607 703 3690 itemque
725 3599 991 3691 Heidelbergensi
1015 3607 1221 3672 0061000010-

80 3736 202 3781 omnem
224 3717 357 3780 habent
378 3714 540 3798 Excerpta
563 3739 579 3778 e
602 3715 792 3780 Cominiano
816 3716 879 3799 (vol
901 3717 983 3781 Iulio
998 3717 1145 3782 Romano
1166 3740 1220 3800 po-

79 3825 146 3908 tius,
170 3830 208 3890 ut
230 3824 334 3890 facile
357 3828 503 3907 apparet)
527 3831 565 3890 de
585 3832 805 3902 interiectione,
831 3847 912 3908 quae
934 3849 951 3890 e
975 3827 1135 3891 codicibus
1158 3825 1221 3889 Va-

79 3931 218 3999 lentiano
242 3939 279 3999 et
302 3933 500 4015 Vossiano*)
523 3935 625 4018 petita
648 3933 793 4000 Charisio
815 3956 872 3999 suo
894 3935 936 3999 H.
960 3935 1082 4000 Keilius
1105 3957 1136 4018 p.
1158 3934 1220 3998 238

139 4207 165 4274 *1
183 4207 260 4260 Eum
281 4203 407 4258 codicem
426 4206 523 4271 (Voss.
542 4207 602 4262 Lat.
621 4207 653 4272 Q.
674 4209 734 4272 33),
753 4205 922 4274 descriptum
940 4204 977 4258 ab
995 4202 1114 4257 ilenrico
1132 4203 1221 4258 Keilio

80 4299 159 4362 praei.
179 4297 218 4352 ad
238 4298 368 4352 Gramm.
387 4297 435 4350 lat.
457 4299 477 4352 t.
501 4299 540 4350 lll
558 4316 585 4366 p.
599 4303 649 4352 389
668 4315 727 4365 sqq.
748 4299 807 4352 coll.
827 4298 915 4367 praei.
934 4297 971 4350 ad
989 4298 1008 4350 t.
1026 4297 1038 4350 l
1057 4315 1084 4366 p.
1099 4297 1161 4350 XIX
1180 4315 1219 4365 sq.

81 4394 139 4457 tquo
156 4391 233 4446 adde
253 4391 410 4444 Lucienum
427 4390 590 4446 Muellerum
608 4391 676 4445 Mus.
696 4391 783 4446 Rhea.
803 4391 853 4444 XX
870 4407 897 4459 p.
918 4395 967 4444 aot
986 4395 1071 4458 sqq),
1091 4391 1221 4460 quoniam
