3002 5146
415 419 637 468 onosssarvn
661 419 874 467 nnsvrrnvu.
1154 401 1217 468 233

97 577 183 660 aliquo
202 577 236 640 in
259 575 329 638 loco
351 575 384 638 id
406 595 508 658 genus
531 595 624 638 omne
647 574 851 656 quantumvis
874 573 981 658 exigui
996 571 1092 655 pretii
1109 571 1217 654 paucis

96 685 337 770 conprehensum
360 685 479 748 intueri
502 686 643 766 possent.

160 795 197 859 ln
224 795 449 858 instrumentis
482 797 588 858 autem
611 794 887 877 interpretationis
909 797 1037 877 praeter
1060 792 1216 856 adnotati-

95 928 155 968 ones
186 905 298 968 merito
332 904 492 968 habentur
514 904 717 988 glossaria
739 925 881 968 seorsum
903 904 1092 988 perscripta.
1137 901 1216 966 Eius

96 1015 162 1078 modi
182 1014 400 1100 Virgilianum
432 1035 635 1098 nequaquam
667 1014 832 1079 indoctum
855 1013 955 1077 edidit
977 1011 1129 1076 Barthius
1152 1012 1244 1075 Ad·

95 1147 158 1188 vers.
170 1123 336 1206 XXXVII,
360 1124 391 1207 5,
408 1123 511 1188 simile
527 1127 635 1188 autem
651 1123 882 1188 Terentianum
897 1123 1023 1214 ibidem
1030 1121 1215 1205 XXXVIII,

98 1234 134 1297 ll.
172 1233 275 1298 Nullis
298 1234 490 1316 scriptorum
512 1234 706 1297 testimoniis
728 1235 937 1314 instructum,
973 1233 1028 1296 sed
1051 1231 1217 1317 explicati·

95 1345 188 1407 onibus
218 1347 346 1408 tantum
378 1343 470 1408 valde
492 1344 659 1427 tenuibus,
696 1344 832 1408 alterum
855 1347 905 1408 est
926 1342 1155 1407 Terentianum
1177 1365 1217 1406 cx

94 1462 170 1518 cerni
186 1459 292 1519 codice
313 1454 354 1517 ab
378 1453 599 1518 Westerhovio
621 1453 788 1538 vulgatum
801 1454 870 1518 rol.
893 1453 926 1517 II
948 1476 979 1536 p.
1003 1453 1045 1517 99
1067 1453 1115 1516 ed.
1140 1453 1215 1516 mai.

96 1560 209 1628 Brerius
232 1564 345 1647 etiam,
380 1563 435 1627 sed
457 1564 558 1628 multo
581 1563 664 1627 idem
687 1563 812 1646 utilius,
845 1586 933 1628 nune
955 1563 1045 1626 vobis
1069 1563 1216 1646 proponi·
1286 1643 1293 1652 ‚

94 1693 149 1736 nus
169 1673 206 1738 ad
222 1673 373 1740 Plautum
394 1674 571 1757 pertinens.
617 1672 770 1738 Continet
791 1673 823 1737 id
846 1673 1075 1758 explicationes
1090 1673 1217 1756 quidem

95 1785 301 1866 propemodum
324 1783 445 1864 nullas,
475 1783 531 1847 sed
553 1782 637 1846 solas
659 1805 752 1847 voces
774 1782 959 1866 Plautinae,
984 1804 1099 1868 easque
1122 1783 1216 1847 unius

94 1895 200 1956 tantum
233 1893 380 1978 generis,
414 1894 498 1977 quod
526 1897 575 1956 est
597 1895 857 1975 tnrppqpurrrdv:
895 1893 1042 1957 similiter
1064 1897 1160 1976 atque
1181 1892 1216 1956 in

95 2001 185 2066 eodem
206 2001 362 2088 genere*)
396 2003 492 2087 longe
524 2003 647 2067 doctior
678 2027 712 2068 se
734 2004 806 2068 Iulii
831 2003 968 2067 Romani
996 2024 1093 2087 opera
1117 2003 1217 2068 conti-

94 2111 151 2174 nuIt
171 2113 253 2196 apud
265 2111 445 2177 charisium
468 2112 489 2176 l.
513 2111 546 2175 II
568 2135 587 2175 a
609 2135 641 2196 p.
668 2115 727 2178 175
750 2115 790 2178 ad
815 2114 874 2178 198
897 2115 933 2177 Ρ.
960 2111 1141 2200 [194—224
1162 2113 1214 2196 K„

94 2219 213 2304 itemque
241 2222 343 2286 Nonii
376 2231 473 2306 caput
506 2221 552 2286 XI
585 2223 749 2307 integrum
781 2225 865 2308 quod
898 2226 946 2287 est
974 2231 1012 2288 dc
1045 2229 1218 2288 indiscretis

93 2335 256 2416 adrehild:
293 2353 403 2395 verum
443 2332 589 2396 criticum
621 2356 714 2396 usum
751 2333 850 2398 habet
882 2356 948 2398 non
989 2335 1214 2417 spernendum.

60 2417 65 2434 ⁸
92 2437 137 2501 llis
165 2443 249 2504 enim
282 2441 496 2525 temporibus,
532 2463 612 2525 quae
646 2444 763 2507 nostris
796 2444 923 2527 quidem
946 2444 1036 2508 libris
1058 2444 1217 2508 Plautinis

92 2545 215 2628 (praeter
236 2573 339 2615 unum
354 2551 616 2638 Ambrosianum)
634 2552 755 2637 aliquot
769 2554 903 2618 saeculis
920 2553 1101 2636 antiquiora
1115 2554 1216 2638 fuere,

92 2657 190 2741 aliquis
223 2663 289 2725 sive
312 2659 462 2724 librarius
485 2661 552 2725 sive
573 2665 804 2744 grammaticus
826 2663 858 2727 id
882 2659 984 2748 egit‚'
1002 2665 1038 2726 ut
1059 2663 1093 2727 in
1117 2664 1216 2746 perle-

91 2767 188 2842 gendis
220 2770 341 2834 fabulis
364 2769 523 2836 Plautinis
555 2773 727 2836 secundum
756 2795 904 2837 versuum
925 2773 1129 2857 ordinem**)
1153 2775 1216 2838 sin-

91 2875 153 2956 gula
183 2879 373 2944 adverbia
396 2884 556 2958 enataret,
584 2885 796 2966 quotcumque
818 2882 937 2967 aliquid
960 2883 989 2946 ei
1011 2883 1216 2946 memorabile

91 2981 193 3052 babere
215 2989 411 3053 viderentur.
456 2990 492 3054 Id
517 2994 622 3055 autem
645 2991 836 3076 glossarium
850 2995 1014 3074 tamquam
1031 2990 1217 3074 appendicis

89 3093 147 3158 loco
168 3099 292 3162 codices
315 3098 444 3181 quidam
467 3099 624 3165 Prisciani
646 3104 774 3184 tenent,
810 3102 902 3164 modo
924 3101 1002 3164 XIV
1024 3101 1117 3164 modo
1139 3099 1216 3164 XVI

90 3201 157 3269 libro
171 3207 352 3272 subiectum
359 3208 439 3288 ***l:
462 3208 517 3273 illo
533 3211 661 3294 quidem
676 3211 744 3275 loco
760 3210 1053 3274 Halberstadiensis
1072 3213 1108 3274 et
1122 3209 1216 3276 Oaro-

90 3377 277 3391 ,ᾖ-

144 3493 167 3560 *)
197 3493 343 3563 [Notabile
361 3496 414 3560 est,
436 3497 511 3564 quod
529 3497 565 3550 ad
582 3497 657 3552 idem
674 3515 763 3566 genus
781 3500 1001 3567 ὲπιρρηματικὸν
1019 3498 1058 3566 (in
1076 3515 1131 3566 quo
1150 3517 1217 3553 sane

87 3583 159 3650 prisci
176 3587 313 3642 sermonis
332 3589 489 3658 proprietas
500 3589 680 3658 insigniorem
698 3591 727 3644 in
745 3590 856 3646 modum
870 3591 966 3660 enitet)
986 3608 1018 3645 ex
1031 3592 1217 3661 antiquissimi

87 3671 235 3746 interpretis
253 3679 380 3734 Plautini
397 3681 426 3734 L.
446 3681 565 3736 Coroebi
584 3681 716 3738 Sisennae
735 3685 879 3751 quattuor,
898 3701 967 3752 quas
991 3685 1115 3739 Charisia
1135 3685 1216 3738 debe·

87 3782 151 3834 nus,
173 3771 419 3826 observationibus
441 3775 498 3829 tres
519 3775 660 3845 pertinent
682 3793 754 3845 quae
781 3777 845 3829 silut
868 3777 902 3831 de
920 3782 1095 3836 examussim
1118 3781 1216 3834 irentim

87 3866 187 3918 tractim
204 3864 362 3918 adverbiis:
387 3866 462 3920 cuius
481 3867 700 3922 rei‘testimonia
716 3869 872 3938 perscripta
889 3871 954 3923 sunt
971 3870 1114 3937 Parergon
1133 3867 1184 3921 vol.
1205 3868 1217 3919 I

86 3965 108 4018 p.
125 3959 180 4008 385.
215 3955 361 4023 (Ceterum
380 3957 414 4010 de
432 3965 545 4017 tractim
568 3977 638 4028 quae
658 3959 798 4016 Charisius
820 3979 847 4030 p.
869 3969 916 4016 loo
940 3965 997 4028 (221
1017 3961 1061 4027 Κ.)
1084 3959 1163 4014 addit
1181 3959 1217 4014 ad

86 4043 195 4100 hatonis
220 4047 366 4116 Georgius
394 4052 561 4119 spectantia,
588 4071 638 4108 sua
663 4056 762 4123 sponte
785 4056 904 4124 apparet
926 4053 961 4107 ab
979 4051 1066 4120 ipsius
1084 4051 1216 4106 Sisennae

89 4137 215 4194 mentione
233 4155 352 4209 prorsus
370 4142 541 4212 seiungenda
558 4147 650 4214 ensal]

144 4231 183 4296 *ἢ
202 4231 344 4299 [Eundem
366 4235 491 4290 ordinem
508 4236 537 4290 in
555 4253 601 4303 eo,
619 4239 667 4306 qui
684 4239 819 4293 medeam
842 4241 873 4293 ut
890 4237 999 4292 videtur
1016 4236 1126 4292 fabulas
1143 4253 1216 4292 oom-

89 4317 260 4388 plectebatur,
273 4327 474 4383 commentario
484 4329 578 4384 vetere
589 4330 834 4386 Schottmuellerus
847 4332 864 4384 l.
878 4311 929 4384 sis.
941 4329 1099 4384 observarit
1110 4349 1137 4400 p.
1148 4333 1217 4400 823]

147 4423 199 4490 Ψ)
217 4418 382 4478 Fluctuanti
392 4419 459 4476 item
471 4422 537 4494 sede
555 4423 623 4478 illud
641 4423 676 4479 de
693 4423 856 4494 pronomine
874 4423 1070 4492 fragmentum,
1089 4423 1161 4479 unde
1178 4424 1217 4480 in-
