3094 5158
550 377 587 423 11.
618 375 813 426 susurrus.
1217 367 1257 432 37

138 529 351 594 venueifelten
379 527 501 594 Stellen
535 529 623 594 seine
652 529 800 594 Zuflueht
827 531 919 595 nicht
945 532 1047 597 selten
1074 535 1192 619 gerade
1219 559 1257 601 zu

137 637 183 702 den
206 639 357 703 Lessrten
386 639 443 703 der
473 639 698 723 interpolirten
725 639 907 706 Recension
935 641 1050 726 nuhm,
1084 645 1118 708 in
1146 645 1257 710 deror

108 749 257 812 ‘ellenbar
284 749 346 812 alle
374 749 472 812 zwdlf
491 748 609 813 Stilelre
638 749 757 813 besass.
802 749 897 814 Denn
926 752 976 815 die
998 751 1156 840 Meinung
1177 755 1256 820 Her-

136 858 237 922 nunn’s
260 857 355 922 Vorr.
380 879 407 922 z.
431 858 520 923 ltin.
544 881 575 942 p.
599 857 630 922 V
652 859 761 944 (wenn
784 860 888 924 dieser
910 861 1026 926 andere
1049 862 1111 942 den
1133 863 1255 930 Merula
1276 881 1323 930 183

135 969 284 1032 besonders
306 968 351 1032 im
373 967 474 1033 Sinne
496 968 617 1052 hatte),
640 969 706 1032 und
731 968 932 1035 Schneider's
949 970 1041 1036 Vorr.
1069 995 1096 1036 z.
1125 974 1255 1039 Rudens

135 1101 158 1161 p.
172 1077 220 1161 Vl,
244 1079 290 1142 als
312 1099 407 1142 wenn
423 1077 572 1142 Merula's
594 1079 708 1163 eigene
723 1079 913 1165 Thiitigkeit
934 1082 1002 1145 sich
1026 1081 1178 1166 lediglich
1200 1085 1259 1147 auf

135 1187 355 1273 l'erbesserung
382 1189 438 1252 der
464 1188 762 1252 unbedeutendsten
791 1189 1027 1255 Schreibfehler
1059 1193 1255 1258 beschriinkt

135 1297 215 1380 uste,
237 1300 325 1362 kann
347 1296 401 1362 ich
423 1295 581 1362 durohaus
609 1298 701 1362 nieht
722 1299 853 1363 theilen.
899 1299 1129 1366 Thatsiiohlich
1153 1303 1253 1368 sollen

134 1407 198 1491 dies,
234 1409 292 1472 wie
325 1407 377 1471 ich
412 1408 510 1490 hoffe,
547 1407 597 1472 die
619 1407 800 1472 Varianten
827 1431 865 1472 zu
894 1409 955 1473 den
988 1410 1109 1475 letzten
1144 1412 1253 1476 sieben

134 1517 251 1582 Stdcken
278 1517 437 1581 beweisen
467 1515 543 1604 [was
571 1515 653 1581 doch
680 1539 741 1581 nur
768 1518 802 1580 in
825 1517 916 1582 sehr
936 1520 1123 1605 bedingtem
1145 1519 1252 1586 Masze

135 1619 319 1711 'eingetroffen
348 1627 420 1715 inp
455 1627 532 1690 aber
558 1625 658 1690 sehon
687 1625 834 1690 Merule's
863 1627 974 1712 eigene
1004 1630 1251 1715 Aeusserungen

133 1736 218 1802 lessen
239 1737 318 1802 doeh
341 1739 436 1801 keum
460 1735 615 1818 zweifeln,
639 1737 713 1800 dass
736 1759 770 1798 er
792 1736 842 1800 die
864 1737 1089 1802 entschiedene
1112 1741 1249 1806 Absicht

133 1843 213 1928 hatte,
234 1848 293 1912 den
316 1847 400 1912 Text
427 1846 511 1912 nach
533 1845 673 1910 Kriiften
700 1845 800 1910 durch
824 1847 997 1931 Oonjeotur
1025 1847 1249 1916 herzustellenl

134 1956 231 2021 Ansser
250 1958 312 2022 den
328 1957 427 2021 sehon
444 1954 682 2041 mitgetheilten
698 1955 845 2040 Worten,
870 1955 920 2020 die
942 1958 1060 2042 gersde
1083 1958 1249 2044 dasjenige

134 2063 288 2132 l'erfahren
311 2089 418 2152 genau
441 2065 652 2146 bezeichnen,
677 2065 813 2129 welches
835 2066 885 2130 bei
909 2066 966 2130 der
988 2066 1249 2133 Beschaffenheit

133 2173 177 2237 der
188 2175 420 2240 Plautinischen
436 2173 831 2260 Originalhnndschrilten
846 2175 942 2239 allein
959 2199 1030 2240 zum
1046 2175 1132 2242 Ziele
1147 2177 1247 2260 fdhrt,

133 2283 227 2366 gehdrt
245 2285 355 2350 hieher
377 2285 461 2349 noeh
482 2284 660 2369 Folgendes
683 2307 740 2348 eus
762 2285 818 2348 der
841 2285 998 2368 Vorrede,
1022 2308 1089 2351 was
1112 2287 1181 2352 sich
1205 2311 1247 2352 sn

133 2392 177 2456 dss
190 2395 296 2459 zuletzt
311 2394 583 2479 abgesehriebene
600 2393 805 2458 snsohliesst:
829 2393 941 2460 ‘Hane
957 2399 1100 2480 egotam
1116 2397 1247 2462 arduom

133 2505 233 2568 ettam
252 2504 400 2570 immensi
428 2503 547 2568 laboris
575 2525 642 2567 rem
663 2505 782 2568 veritus
804 2544 846 2554 -
868 2538 909 2554 -
931 2527 1015 2590 pene
1037 2507 1078 2570 ab
1101 2508 1247 2572 emenda·

133 2612 205 2678 tione
228 2614 404 2679 huiusmodi
432 2636 502 2677 sum
531 2613 715 2696 deterritum
743 2614 807 2678 nisi
830 2637 881 2680 me
903 2615 1105 2699 potissimum
1127 2616 1247 2682 hortati

133 2719 246 2788 dissent
266 2763 307 2774 -
329 2761 371 2773 —-
394 2723 608 2807 Hieronymus
631 2722 809 2788 Beduarius
839 2729 872 2789 et
898 2724 1086 2790 Franciscus
1117 2725 1246 2808 Minius,

132 2831 227 2913 quibus
246 2856 315 2898 cum
337 2832 440 2897 multa
462 2853 610 2916 perverse
633 2837 665 2897 et
684 2833 767 2898 falso
788 2835 905 2919 corrigi
921 2837 952 2898 et
966 2834 1001 2898 in
1016 2855 1125 2900 veram
1139 2834 1247 2900 lectio-

135 2961 196 3004 nem
215 2944 307 3028 redigi
334 2964 428 3028 posse
451 2942 606 3026 dicerem,
629 2981 671 2991 -
693 2983 733 2992 —
755 2967 805 3008 me
827 2947 864 3007 ut
886 2945 945 3008 hoe
968 2945 1192 3028 gravissimum
1215 2948 1247 3008 et

133 3047 343 3118 formidandum
378 3075 458 3116 onus
491 3053 684 3136 susciperem
710 3055 933 3138 perpulerunt,
970 3053 1172 3116 continenter
1199 3054 1247 3117 in-

133 3161 244 3246 stantes,
265 3167 300 3228 ut
313 3163 418 3248 quoad
432 3183 559 3247 possem
573 3201 615 3212 -
629 3201 671 3213 -
693 3164 810 3249 viginti
826 3162 1011 3228 Comoedias
1033 3166 1245 3246 emendarem,

133 3269 336 3356 utaliquando
358 3273 541 3358 legentibus
568 3273 741 3357 voluptati,
771 3293 837 3338 non
864 3271 994 3337 fastidio
1021 3272 1138 3335 forent.
1184 3271 1244 3339 sed

133 3397 219 3462 neque
238 3383 262 3447 is
281 3405 368 3466 sum,
398 3383 450 3467 qui
481 3382 590 3446 omnia
618 3405 669 3446 me
692 3383 876 3447 emendasse
899 3383 1019 3464 dicam,
1051 3385 1106 3446 aut
1128 3383 1245 3448 amissa

133 3489 327 3576 acquisivisse,
351 3497 407 3556 aut
430 3492 554 3557 defecta
576 3492 788 3576 supplevisse,
813 3495 869 3557 aut
890 3513 1038 3556 numeros
1061 3492 1101 3555 ad
1125 3497 1244 3558 certam

132 3597 255 3680 regulam
267 3607 298 3666 et
312 3602 438 3684 libram,
463 3605 498 3666 ut
513 3601 705 3666 examussim
719 3603 925 3686 quadrarent,
950 3601 1124 3686 redegisse3
1146 3603 1244 3666 immo

132 3705 177 3784 qni
196 3708 239 3772 vel
258 3711 288 3776 in
310 3733 361 3778 me
382 3711 452 3795 ipso
473 3712 611 3796 plurima
640 3711 839 3796 desiderans,
869 3709 970 3775 multa
997 3712 1043 3776 ite
1071 3716 1108 3776 ut
1133 3712 1243 3776 inveni

132 3811 297 3898 reliquerim.
342 3821 403 3886 Illa
435 3822 521 3886 enim
555 3821 715 3905 tantisper
742 3845 761 3885 a
788 3821 881 3886 nobis
913 3821 964 3886 vel
996 3822 1160 3886 demutata
1193 3820 1242 3884 vel

133 3925 277 3994 emendate
297 3931 438 4014 fuerunt,
461 3935 531 3996 tum
553 3931 599 3996 sio
621 3952 688 3995 esse
711 3952 749 3995 er
772 3931 920 4016 diligenti
944 3934 976 3994 et
990 3930 1092 3995 multe
1106 3929 1242 3994 lectione

134 4103 309 4122 -—--

132 4197 243 4258 lelzterm
256 4209 392 4264 mittelbar
409 4208 547 4278 gellossen
563 4208 609 4274 ist,
626 4209 785 4279 iiberliaupt
802 4226 849 4263 zur
862 4205 936 4262 Seite
954 4205 1060 4270 stehen,
1079 4203 1161 4258 einen
1172 4203 1241 4259 Vor-

133 4304 181 4359 2ug
196 4311 238 4350 ror
251 4299 328 4356 ihren
353 4301 421 4368 (und
444 4301 531 4357 daun
548 4301 702 4372 mdglioher
717 4300 811 4357 Weiss
828 4297 1006 4356 ebensowohl
1023 4296 1094 4352 auch
1111 4312 1161 4351 vor
1179 4295 1242 4353 dem

133 4383 220 4454 Vetrul
235 4409 287 4448 nur
302 4393 450 4452 vereiuzelt
468 4393 554 4450 durch
572 4393 689 4463 etwaige
707 4393 775 4462 gnte
791 4391 1011 4448 Emendationen
1027 4388 1207 4460 behauprenn
