2996 5148
245 323 309 386 400
553 335 826 386 anasosuouas
849 336 1083 387 nsscsroars.

245 493 303 556 bus
326 491 565 573 offensionibus,
589 512 671 574 quae
693 493 802 554 tamen
825 491 933 555 nullae
955 491 1130 556 editoribus
1146 492 1386 576 interpretibus-

244 623 305 686 que
326 602 473 684 fuerunt,
498 601 557 665 etsi
580 622 597 664 c
620 601 837 685 discrepantia
859 602 1036 684 scripturae
1058 603 1140 666 nihil
1163 603 1271 667 auxilii
1295 627 1385 687 para·

244 715 311 774 tum
340 714 388 774 est
416 711 493 795 (nisi
521 711 604 796 quod
632 713 731 776 amicti
753 710 855 775 Vetus
883 733 941 795 pro
963 719 1077 777 arnicas
1099 715 1259 796 praebet):
1297 719 1333 778 st
1353 716 1386 778 in

244 823 403 904 scriptura
425 821 495 905 ipsa
511 843 619 886 verum
642 821 688 885 ita
710 821 879 904 delitescit,
903 824 939 884 ut
961 826 1048 886 recte
1072 845 1144 886 cunr
1165 825 1297 888 sociatis
1320 829 1386 888 tum

245 932 424 996 dissociatis
452 931 584 1014 syllabis
606 935 770 1014 tamquam
794 953 852 994 sua
873 934 988 1014 sponte
1017 933 1159 1016 prodeat.
1205 933 1297 1008 Quod
1320 935 1387 1018 qui-

245 1042 316 1106 dem
339 1041 399 1106 hoc
422 1044 566 1126 exemplo
589 1041 751 1104 declarare
773 1041 864 1104 licet:

279 1191 1352 1258 aouacuuuunuunuunrnAnicunnnlcls'rsnnnnlnnonnn’s

284 1280 319 1319 so
335 1277 389 1320 razo
410 1279 443 1319 ur
461 1279 536 1328 prou:
569 1277 705 1319 nmmum
750 1277 777 1317 nn
802 1277 1057 1319 sr.srnrmrs1sun:
1076 1277 1232 1318 usurum)
1257 1279 1337 1322 usus

245 1397 313 1462 Nec
341 1399 427 1462 enirn
456 1399 639 1462 suasoribus
666 1396 759 1462 nobis
788 1396 950 1460 dubitabis
973 1397 1051 1482 quin
1074 1397 1153 1462 haec
1180 1399 1250 1483 ipsa
1273 1406 1389 1484 poetae

245 1531 359 1572 manus
382 1510 439 1574 sit:

351 1634 395 1708 ho
424 1669 479 1726 ugo
502 1653 551 1723 ut,
576 1669 651 1726 quac
674 1651 816 1708 mandrita
838 1650 912 1709 mihi
933 1655 1019 1724 sunt,
1042 1651 1258 1711 tdministuun.
1306 1653 1387 1713 Dan.

851 1755 942 1794 immo
964 1756 1066 1794 mund:

245 1891 307 1951 qua
329 1870 518 1950 recuperata
540 1864 621 1930 nihil
644 1865 771 1929 illorum
786 1865 939 1947 omnium,
963 1869 1129 1949 quactum
1145 1887 1213 1929 esse
1235 1867 1388 1931 intolera-

246 1977 322 2040 bilia
338 1999 433 2060 supra
449 1977 595 2058 vidimus,
620 1975 765 2039 relictum
787 1977 845 2038 est.
878 1977 926 2038 Ac
941 1974 1104 2039 simillimo
1120 1975 1207 2038 verbi
1229 1998 1289 2040 usu
1313 1977 1390 2059 (alia

246 2109 286 2149 ne
309 2087 516 2168 cumulemus)
545 2086 578 2149 in
603 2085 757 2170 Adelphis
781 2084 820 2168 V,
849 2089 875 2168 1,
898 2084 919 2148 2
946 2083 1115 2149 Terentius
1146 2091 1301 2166 Lunaeque
1327 2111 1389 2152 mu·

246 2219 301 2261 aas
324 2201 545 2260 odmnn’slrosb'
565 2209 655 2261 tuom.

329 2364 539 2430 Volueramus
555 2367 589 2430 iu
604 2366 705 2430 triade
728 2365 985 2432 emendationum
1008 2367 1195 2431 subsistere:
1218 2389 1257 2432 ea
1281 2371 1391 2433 autem

245 2479 281 2539 ut
308 2479 375 2539 tota
404 2476 554 2540 Plautina
582 2477 624 2540 sit
653 2475 793 2559 (quaudo
821 2499 885 2540 uon
913 2475 953 2538 ad
981 2477 1086 2560 ipsum
1109 2475 1261 2540 Plautum
1285 2479 1392 2562 prima

193 2596 232 2648 vll
251 2587 448 2672 spectabat),
479 2609 516 2650 ex
540 2587 648 2650 eadem
672 2608 789 2658 scaena
811 2587 907 2649 aliam
929 2586 1072 2648 addimus
1095 2591 1162 2649 tam
1184 2589 1299 2650 nostra
1323 2611 1397 2652 seu-

245 2698 347 2760 tentia
369 2697 474 2760 lenem
497 2701 529 2761 et
551 2697 728 2780 simplicem
750 2717 845 2780 quam
869 2699 988 2760 certam
1011 2699 1044 2759 et
1058 2697 1288 2760 necessariam.
1325 2698 1396 2762 Fla-

244 2809 352 2891 gitant
374 2829 444 2871 cam
469 2807 678 2890 Demiphonis
700 2807 774 2870 inde
797 2829 816 2868 a
839 2827 867 2869 v.
891 2807 932 2868 62
956 2805 1041 2894 [396]
1066 2805 1145 2869 haec
1168 2807 1284 2872 verba:

327 2967 412 3026 Nihil
435 2967 526 3040 opust
547 2965 635 3024 nobis
659 2965 767 3023 ancilla
788 2965 847 3023 nisi
870 2983 946 3040 quac
969 2966 1065 3038 texat,
1089 2983 1167 3038 quae
1190 2965 1306 3037 molat,

329 3051 459 3127 Lignum
482 3049 595 3123 caedat,
619 3069 745 3124 pensum
768 3049 873 3120 saciat,
897 3049 979 3106 nodis
1002 3051 1112 3120 verrat,
1136 3050 1274 3123 vapulet,

267 3201 270 3208 ¹
328 3135 410 3204 Quae
431 3135 541 3194 habeat
563 3135 761 3193 cottidianam
788 3133 918 3192 familiae
941 3136 1057 3191 coctum
1080 3132 1191 3192 cibum.

247 3280 307 3346 Vbi
329 3305 395 3346 non
423 3279 516 3345 modo
546 3280 798 3344 concinnitatem
827 3280 1074 3345 conformandae
1095 3279 1254 3344 orationis
1285 3285 1400 3366 perire

244 3393 347 3456 denuo
375 3392 501 3456 invecto
530 3395 611 3466 Onne
633 3390 821 3474 pronomine
844 3390 978 3472 senties,
1002 3390 1057 3453 sed
1080 3391 1177 3453 etiam
1200 3397 1302 3456 cibum
1326 3417 1400 3458 coc-

244 3514 304 3566 !am
329 3505 471 3579 familiae
498 3507 640 3565 babere
668 3501 744 3584 quid
761 3503 815 3564 'sit
837 3500 1002 3564 nobiscum
1026 3499 1208 3583 ignorabis:
1244 3523 1307 3566 nec
1331 3503 1397 3586 Py-

243 3611 324 3676 ladis
354 3611 529 3675 mutatione
555 3617 694 3690 (luneque
715 3616 828 3676 lrabeat
855 3611 1024 3695 quicquam
1052 3630 1111 3673 nos
1139 3611 1298 3692 proficere
1322 3635 1399 3697 per-

243 3723 368 3805 spicies.
414 3720 463 3785 Ne
485 3721 597 3798 multa,
621 3721 750 3804 scripsit
771 3724 880 3805 poeta:

328 3861 557 3922 Prathibeat
585 3863 785 3921 cottidianum
808 3861 939 3921 ftmiliac
961 3862 1077 3920 coctdm
1100 3859 1210 3920 cibum.

242 4017 407 4104 Exemplis
430 4019 457 4083 si
479 4041 558 4102 opus
581 4021 644 4102 est,
670 4019 791 4082 affatim
814 4017 947 4083 Plautus
969 4017 1153 4102 praehibet:
1192 4015 1326 4100 Epidici
1353 4017 1401 4101 V,

242 4135 273 4212 2,
297 4131 338 4196 62
361 4133 444 4195 No'no
465 4123 572 4194 liberto
594 4151 669 4209 opus
689 4141 733 4192 est
755 4135 836 4208 prend
852 4141 977 4210 pappel.
1024 4133 1105 4191 Pan.
1127 4131 1273 4192 dubitur:
1299 4153 1403 4210 prae·

242 4247 313 4304 bebo
333 4247 439 4306 cibam.
486 4239 601 4303 Persae
625 4261 654 4302 v.
681 4239 741 4303 132
764 4245 815 4304 Me
837 4251 870 4304 ut
891 4239 1045 4318 quiequam
1062 4244 1154 4314 nont,
1181 4243 1244 4302 nisi
1265 4245 1321 4302 ille
1343 4251 1408 4322 qui

239 4355 366 4429 praebet
396 4356 518 4414 cibum?
562 4349 605 4412 ut
633 4351 666 4412 iu
694 4347 856 4412 simillimo
884 4369 1002 4432 genere
1032 4347 1188 4412 ltudentis
1219 4345 1268 4428 ll,
1295 4350 1329 4432 6,
1355 4353 1407 4416 29
