2996 5148
286 353 350 416 414
598 369 646 414 aa
669 367 884 416 saevus-:uro
907 367 1128 419 soaosmcno
1156 416 1164 428 ff

286 523 345 586 bus
373 521 439 608 legi
467 520 612 586 audierit.
658 519 758 598 Quem
787 521 927 605 primum
955 521 1001 586 sic
1033 521 1189 605 pervertit
1215 521 1359 606 Pylades:
1384 528 1409 586 n

287 637 358 697 dum
385 653 487 697 scruta
514 637 588 696 tero
616 640 746 715 amanti,
774 633 821 696 ita
852 635 958 696 autem
980 635 1017 695 ut
1037 653 1126 696 nunc
1147 630 1298 717 wilgatur
1320 630 1408 698 Cane·

285 742 390 806 rarius
406 741 583 806 constituit.
599 741 762 808 -Tertio
777 763 871 806 versu
886 763 958 806 cum
973 741 1008 806 in
1023 741 1154 826 reliquis
1170 741 1262 806 libris
1278 741 1409 826 scriptum

285 852 328 915 sit
354 860 586 936 insusurratio,
615 851 651 916 in
673 851 790 916 Vetere
819 855 941 934 autem,
977 873 1170 937 quamquam
1197 873 1215 916 e
1241 856 1409 934 comestus,

285 967 367 1044 ipsus
393 973 530 1048 captust,
563 983 626 1047 quo
654 962 821 1027 Decurtati
854 983 978 1048 quoque
1007 963 1167 1045 scriptura
1195 966 1321 1047 spectat
1348 969 1412 1043 ipsus

285 1083 415 1157 constet,
444 1073 571 1138 inverso
604 1073 715 1137 ordine
741 1083 851 1153 captus
878 1080 974 1153 ipsust
1000 1071 1123 1136 invexit
1150 1071 1303 1156 Pylades,
1337 1093 1412 1158 quem

285 1181 421 1248 Bothius
443 1184 595 1267 sequitur,
611 1196 719 1264 eaptus
739 1190 822 1264 ipsas
844 1182 965 1266 placuit
985 1184 1059 1266 post
1074 1181 1292 1248 camerarium
1301 1180 1412 1250 Vltima.

285 1303 405 1374 captust
430 1301 513 1374 ipsis
540 1293 705 1379 vulgatum
734 1296 783 1357 est
810 1291 885 1357 inde
914 1293 1103 1357 aGrutero.
1148 1291 1193 1356 Et
1220 1292 1303 1376 quod
1328 1291 1415 1355 adest

285 1403 415 1468 voculae
443 1404 635 1488 positionem
664 1403 795 1487 attinet,
828 1402 1010 1467 Plautinum
1038 1424 1159 1468 morem
1187 1425 1300 1486 parum
1327 1401 1370 1467 vel
1393 1401 1414 1464 ei

284 1517 525 1599 perspexerunt,
550 1514 604 1599 qui
627 1535 646 1577 a
673 1513 843 1597 participio
866 1535 922 1577 suo
943 1513 1135 1598 diremptam
1163 1535 1236 1576 cum
1258 1520 1339 1593 ipsus
1357 1512 1415 1575 iuu-

286 1626 413 1708 xerunt,
437 1624 488 1688 vel
511 1625 564 1708 qui
587 1629 677 1690 dotas
698 1623 868 1707 participio
883 1624 1026 1690 iunctam
1047 1643 1140 1707 posse
1157 1623 1257 1688 etiam
1272 1621 1312 1686 ad
1326 1633 1417 1702 coptus

286 1733 448 1820 pertinere
475 1737 674 1798 statuerunt:
707 1732 789 1819 qnod
823 1732 921 1798 utin
949 1732 1106 1798 adiectiva
1127 1754 1206 1797 sane
1230 1732 1339 1814 cadat,
1364 1752 1418 1794 non

287 1844 373 1910 cadit
393 1844 430 1908 in
451 1866 505 1909 eas
521 1844 689 1910 verborum
710 1843 830 1908 formas
853 1843 1115 1928 periphrasticos,
1138 1865 1197 1926 pro
1220 1843 1335 1928 quibus
1355 1841 1383 1906 h.
1401 1839 1419 1902 l.

287 1955 450 2020 commode
471 1954 535 2020 dici
558 1955 655 2018 etiam
678 1959 802 2034 copitar
823 1957 856 2017 et
878 1959 971 2019 datur
992 1955 1149 2037 potuerat.
1195 1951 1271 2018 Non
1299 1950 1418 2018 soletin

285 2064 404 2129 talibus
432 2076 475 2129 est
501 2065 605 2128 omitti
635 2087 654 2128 a
676 2063 807 2145 Plauto,
842 2085 902 2128 uec
925 2063 1075 2128 convenit
1101 2084 1139 2127 ea
1161 2065 1292 2128 omissio
1314 2064 1348 2128 in
1368 2082 1421 2125 ser·

285 2195 413 2238 monem
445 2173 529 2237 vitae
565 2173 754 2238 cotidianae.
812 2173 902 2250 Quod
935 2173 1063 2258 quidem
1109 2193 1212 2258 genus
1250 2173 1420 2238 uuiversum

286 2283 349 2348 dici
371 2283 482 2368 nequit
504 2305 600 2368 quam
622 2286 654 2348 et
675 2283 739 2348 late
761 2287 870 2368 pateat
899 2287 931 2348 et
951 2284 1119 2368 ignoretur
1141 2283 1182 2346 ab
1206 2283 1378 2348 editoribus
1397 2287 1423 2344 et

284 2392 448 2458 turbatum
470 2394 513 2457 sit
535 2394 569 2458 in
591 2394 801 2458 deterioribus
825 2393 1035 2480 codicibus.*)
1051 2431 1093 2442 -
1108 2393 1300 2477 Impeditior
1327 2397 1372 2458 est
1391 2393 1423 2454 de

285 2503 376 2568 biatu
403 2505 556 2589 quaestio.
601 2503 676 2568 Non
699 2504 804 2586 dicam
826 2507 932 2569 autem
955 2507 1067 2568 contra
1095 2525 1164 2587 eos,
1189 2505 1244 2588 qui
1266 2504 1378 2590 quovis
1398 2507 1424 2564 et

285 2615 354 2679 loco
377 2619 410 2679 et
434 2615 527 2679 modo
543 2613 716 2678 admissum
739 2615 861 2678 hiatum
888 2616 1066 2679 concocunt
1087 2615 1313 2700 concoctisqne
1335 2615 1425 2678 bonos

286 2747 395 2790 versus
418 2728 609 2790 concacant:
633 2725 703 2810 quis
719 2725 804 2789 enim
826 2725 934 2789 lavare
956 2725 1089 2820 laterem
1110 2725 1255 2790 animum
1275 2721 1428 2790 inducat?

284 2835 405 2902 Vemm
437 2836 491 2920 qui
522 2837 558 2900 in
591 2835 662 2918 ipsa
697 2857 829 2900 caesura
859 2835 1056 2900 senariorum
1080 2835 1254 2902 admissum
1289 2839 1429 2900 tutantur

285 2949 379 3032 atque
401 2945 609 3028 defensitant,
634 2965 687 3010 eos
703 2927 788 3010 certe
804 2945 911 3030 aliqua
932 2945 1057 3010 ratione
1072 2965 1169 3030 agere
1192 2945 1427 3012 concedendum

285 3061 343 3122 est.
387 3055 457 3122 Nec
485 3076 544 3141 ego
575 3054 635 3120 hoc
657 3077 831 3140 numquam
859 3056 982 3120 sactum
1006 3055 1214 3120 contendam:
1243 3057 1303 3121 sed
1326 3061 1429 3120 temen

284 3170 321 3231 ut
341 3167 391 3231 vel
414 3167 447 3231 id
469 3187 571 3252 genus
594 3165 689 3251 longe
706 3166 887 3248 artioribus,
911 3188 1007 3251 quam
1022 3165 1120 3251 vulgo
1138 3165 1295 3250 creditur,
1319 3165 1430 3232 finibus

285 3299 353 3341 esse
382 3276 654 3360 circumscriptum
681 3279 800 3360 putem.
845 3275 890 3340 Et
915 3279 1041 3340 tantum
1069 3275 1197 3354 quidem
1226 3297 1297 3342 nou
1332 3280 1431 3362 potest

286 3409 353 3451 non
380 3385 492 3450 haberi
523 3387 749 3469 certissimum,
779 3409 845 3451 non
873 3386 1067 3472 elegantiam
1088 3385 1251 3470 quandam
1275 3389 1430 3472 interpre-

285 3495 420 3560 tandum
446 3517 573 3561 omnem
600 3496 724 3560 hiatum
753 3517 837 3579 esse,
875 3517 971 3582 quam
999 3495 1064 3561 sint
1085 3497 1199 3562 sectati
1222 3501 1355 3581 poetae,
1384 3495 1434 3559 sed

286 3606 451 3674 licentiam
472 3607 578 3690 potius
600 3628 695 3692 quam
718 3606 780 3670 sibi
802 3605 1004 3671 indulserint.
1049 3603 1139 3682 Quod
1162 3605 1189 3672 si
1210 3605 1257 3671 ita
1276 3611 1340 3692 est,
1365 3604 1436 3692 quid

284 3716 415 3782 tandem
438 3738 567 3782 caussae
589 3717 688 3782 fuisse
710 3719 873 3802 putemus,
898 3739 954 3783 cur
975 3717 1110 3782 licenter
1130 3717 1239 3782 facere
1261 3721 1366 3803 poeta
1387 3737 1435 3780 eos

284 3850 394 3893 versus
422 3828 549 3910 mallet,
579 3849 656 3912 quos
685 3826 813 3912 quidem
834 3827 923 3893 nullo
944 3827 1091 3912 negotio,
1115 3847 1182 3892 non
1205 3828 1347 3894 adscitis
1373 3827 1440 3892 aliis

284 3939 424 4023 vocibus,
448 3960 514 4003 non
536 3941 659 4002 mutata
679 3938 800 4024 integri
823 3938 982 4002 enuntiati
1005 3923 1274 4022 conformatione,
1293 3939 1438 4026 legitime

285 4052 317 4112 et
345 4049 510 4134 eleganter
537 4048 668 4134 posset?
697 4071 753 4113 cur
785 4055 868 4129 ipsos
895 4060 1016 4129 captust
1046 4047 1157 4112 mallet
1183 4069 1286 4133 quam
1324 4061 1442 4132 captust

284 4165 366 4239 ipsus
381 4158 546 4226 scribere?
570 4159 625 4241 At,
648 4158 763 4244 inquit,
780 4159 801 4224 ἃ
816 4160 1001 4244 γέγραπται,
1024 4159 1208 4239 γέγραπται.
1240 4157 1335 4226 Nolo
1351 4159 1442 4226 huius

351 4397 376 4466 ¹⁸)
396 4395 479 4468 [Vide
501 4395 610 4465 Proleg.
628 4413 654 4466 p.
676 4393 735 4450 CIX
752 4411 793 4464 sq.
813 4400 842 4451 et
859 4395 927 4452 Mus.
948 4395 1033 4454 ltlren.
1053 4393 1105 4452 vn
1123 4413 1151 4467 p.
1172 4401 1222 4452 699
1240 4399 1301 4471 sq.]
