3002 5146
532 1451 834 1544 Glossarium
868 1449 1199 1562 Plautinum

246 1848 277 1897 ¹¹¹
382 1840 462 1905 Cum
476 1839 585 1903 Plauti
608 1860 720 1903 caussa
741 1839 928 1902 Italicarum
951 1837 1059 1922 copias
1079 1837 1347 1902 bibliothecarum
1367 1857 1426 1920 por·

296 1951 541 2034 castigaremus,
571 1949 651 2012 illud
679 1948 774 2012 facile
802 1949 1020 2011 intelleximus
1027 1997 1035 2030 ‚
1071 1947 1137 2010 eius
1165 1949 1264 2012 studii
1294 1946 1374 2032 quod
1398 1945 1424 2007 in

295 2059 547 2142 interpretandis
576 2058 695 2122 fabulis
722 2058 882 2121 Plautinis
916 2059 987 2142 ipsa
1014 2058 1190 2141 antiquitas
1223 2055 1428 2142 posuisset**l

296 2169 378 2232 nihil
400 2172 539 2233 aetatem
561 2169 687 2232 tulisse:
710 2169 742 2232 id
765 2167 847 2252 quod
870 2189 911 2230 ue
933 2188 1173 2251 speraveramus
1196 2169 1338 2251 quidem.
1374 2163 1427 2228 Sel

296 2280 329 2343 in
358 2299 472 2342 manus
499 2283 608 2342 tamen
640 2299 698 2362 per
725 2300 794 2341 earn
826 2277 1099 2361 opportunitatem
1127 2282 1290 2341 venerunt
1317 2275 1430 2340 codices

296 2389 424 2472 quidam
452 2411 527 2453 mss.
551 2392 603 2452 sat
629 2387 680 2450 uel
709 2388 831 2471 amplos
862 2387 910 2450 vel
941 2387 1163 2451 memorabiles
1192 2384 1431 2450 commentarius

297 2499 468 2582 complexi,
498 2520 577 2582 quos
606 2498 733 2560 doctam
761 2497 987 2579 antiquitatem
1015 2497 1141 2560 imitata
1166 2498 1332 2560 recentior
1354 2497 1432 2558 aetas

296 2609 430 2691 peperit.
476 2607 524 2670 De
546 2630 608 2691 quo
630 2628 748 2692 genere
770 2607 918 2669 universo
946 2606 1057 2689 paucis
1084 2607 1291 2689 exposuimus
1315 2607 1350 2669 in
1371 2625 1434 2688 pro-

296 2718 398 2780 oemio
421 2717 488 2781 eius
510 2717 600 2800 libri,
632 2738 694 2800 quo
723 2716 761 2779 acl
790 2715 962 2780 Homerica
984 2716 1090 2779 studia
1112 2715 1276 2779 Pisistrati
1301 2715 1434 2779 Alexan-

296 2829 467 2912 rlrinasque
495 2825 705 2890 bibliothecas
733 2829 883 2909 spectans
910 2831 1054 2889 scholium
1078 2831 1253 2889 Plautinum
1279 2823 1436 2889 enarravi-

295 2959 365 3001 mus
390 2935 519 3024 [Opusc.
536 2936 599 3000 vol.
616 2935 631 2999 I
647 2957 678 3020 p.
696 2936 716 2998 6
731 2935 825 3023 sqq.].
857 2934 902 2998 Et
916 2935 976 2999 hoc
991 2935 1117 3019 quidem
1140 2934 1246 3018 ipsum
1262 2935 1322 3019 qui
1346 2933 1436 2998 codex

295 3051 386 3112 tenet
408 3047 543 3132 Collegii
565 3045 704 3109 Romani
719 3047 750 3109 4.
768 3045 802 3110 O.
820 3045 871 3128 39,
896 3045 974 3108 satis
996 3047 1103 3129 potest
1117 3044 1184 3108 illic
1206 3067 1277 3108 esse
1302 3045 1438 3127 descrip-

296 3161 348 3220 tus
375 3157 485 3220 uideri.
531 3157 583 3220 Ab
611 3178 648 3220 eo
675 3159 782 3220 autem
803 3151 921 3238 genere
944 3155 1142 3238 aliquantum
1171 3154 1364 3240 discrepant
1391 3153 1439 3238 qui

298 3287 363 3328 non
386 3270 421 3329 ut
442 3265 635 3349 legerentur,
660 3267 714 3329 sed
737 3267 773 3328 ut
795 3265 981 3328 audirentur
997 3264 1164 3347 compositi
1180 3268 1257 3328 sunt
1281 3285 1440 3328 commen·

298 3373 372 3436 tarii
395 3375 558 3438 doctorum
587 3379 658 3459 (pro
679 3375 736 3438 illa
758 3376 877 3460 aetate)
905 3374 1132 3458 magistrorum
1155 3373 1332 3438 Plautinas
1354 3373 1442 3437 fabu-

299 3481 347 3545 las
378 3483 469 3546 Italis
503 3484 759 3549 adulescentibus
792 3485 1085 3570 interpretantium.
1142 3483 1193 3547 Ex
1226 3483 1328 3548 huius
1361 3483 1441 3547 morli

366 3735 392 3804 ²¹)
422 3735 608 3804 [Prooemium
638 3737 739 3792 Indicis
767 3737 924 3794 scholarum
958 3736 1127 3792 aestivarum
1157 3736 1353 3792 Bonnensinm
1383 3735 1444 3792 arani

299 3823 564 3898 clolouccrmvra
1167 3821 1191 3854 ⁶

365 3921 407 3990 **)
437 3921 593 3991 [Veterum
621 3941 738 3992 quorum
761 3924 874 3991 quidem
902 3925 980 3978 certa
1002 3921 1148 3988 memoria,
1171 3922 1368 3993 interpretum
1386 3924 1403 3978 i.
1423 3941 1444 3977 e.
1489 3891 1490 3978 l

299 4014 419 4069 Cornelii
436 4013 569 4070 Sisennae
587 4019 616 4070 ct
634 4017 758 4071 Terentii
770 4015 866 4071 Scauri
883 4016 1040 4070 nominibus
1057 4017 1101 4069 sat
1118 4015 1260 4084 probabili
1278 4019 1447 4072 coniectura
1489 3983 1490 4070 l

298 4110 329 4161 Α.
348 4107 659 4163 Schottmuellerus
677 4108 827 4178 Symbolae
845 4109 940 4178 philol.
956 4109 1043 4162 Bonn.
1060 4125 1086 4177 p.
1111 4113 1161 4162 823
1179 4124 1239 4176 sqq.
1260 4115 1314 4162 831
1338 4111 1448 4164 addida

298 4217 387 4269 nuper
411 4201 527 4254 duorum
554 4201 815 4256 commentariorum
832 4201 1023 4255 Plautinorum
1051 4199 1170 4268 vestigia
1191 4199 1220 4253 in
1240 4200 1332 4256 Nonii
1360 4205 1448 4258 sarrs-
1489 4229 1490 4236 .

299 4292 362 4360 gine
381 4310 398 4346 a
415 4310 444 4347 se
462 4293 584 4348 detecta:
608 4309 724 4360 quorum
743 4295 814 4348 alter
832 4295 868 4348 ad
885 4295 1018 4348 tredecim
1037 4293 1144 4346 fabulas
1161 4293 1353 4362 pertinuisse,
1379 4297 1450 4350 alter
1489 4275 1490 4318 3

299 4384 326 4435 in
346 4385 544 4452 Amphitruone
563 4385 865 4456 substituendorum]
1489 4385 1490 4388 ¹
