2996 5148
262 305 324 370 376
543 318 783 380 Qvnnsrronns
806 319 1112 368 roroeanrmcna.

345 481 535 542 Gnarnoavs.
580 478 725 555 Prdpera:
753 480 827 556 quid
849 479 932 539 abrs?
954 499 1067 540 arcesse
1090 499 1194 557 agnos.
1217 482 1300 540 audin
1319 483 1377 558 quid

857 558 911 622 ait
932 564 1092 640 Iuppiter?

345 652 541 711 Psnvnvnvs.
584 649 651 708 Iam
672 649 720 708 hic
735 668 799 707 cro:
823 669 928 708 verum
950 653 1034 708 extra
1055 651 1175 726 portam
1196 651 1310 709 Metiam
1329 670 1379 709 cnr·

871 735 1028 794 rendumst
1049 736 1143 810 prins.

349 819 423 883 (lan.
448 818 527 890 Quid
549 818 606 878 co?
641 817 757 879 Psnvn.
781 818 878 878 lanios
900 819 970 878 indo
992 839 1139 880 arcessam
1162 821 1238 881 dnos
1259 841 1319 880 cnm
1336 821 1383 880 tin·

872 903 1046 964 tinnabnlis.

264 1055 479 1138 Eiusdemque
509 1055 621 1136 portae
643 1073 834 1136 quamquam
862 1073 929 1115 non
951 1051 1137 1116 nomitatac
1159 1054 1289 1118 tertium
1308 1054 1388 1138 quod-

265 1166 339 1229 dam
364 1164 449 1249 apud
477 1164 613 1228 eundern
643 1164 772 1246 poetam
794 1160 974 1246 exemplum
997 1165 1122 1226 exstare
1146 1163 1250 1228 visum
1271 1167 1316 1228 est
1338 1163 1390 1226 lli·

266 1274 354 1339 litis
377 1273 546 1358 gloriosi
573 1272 621 1355 ss,
644 1271 682 1356 4,
706 1273 725 1336 6
755 1269 859 1361 [359],
888 1271 943 1336 ubi
970 1270 1051 1337 haec
1078 1276 1155 1338 sunt
1181 1273 1392 1338 Palaestrionis

267 1385 307 1449 ad
330 1383 512 1449 Sceledrum
533 1381 646 1448 verba:

353 1525 449 1585 Credo
484 1527 539 1602 tago
567 1523 645 1583 istoc
671 1524 807 1599 exemplo
833 1524 891 1582 tibi
919 1543 982 1583 esso
1009 1525 1140 1584 eundum
1168 1527 1303 1585 actutum
1328 1527 1396 1590 entra

874 1612 1008 1684 portam,

353 1697 504 1772 Dispessis
526 1695 664 1753 manibus
687 1692 859 1768 patibulum
881 1713 948 1752 cum
969 1694 1103 1753 habebis.

220 1843 249 1895 W
271 1845 324 1910 Sic
346 1845 432 1910 enim
454 1842 536 1907 haec
558 1839 742 1924 vulgantur.
788 1842 894 1924 Atque
922 1840 973 1904 his
1000 1841 1103 1904 tribus
1132 1841 1327 1906 testimoniis
1352 1841 1401 1904 etsi
1473 1851 1474 1896 l

271 1955 375 2020 omnis
397 1953 516 2017 Metiae
538 1954 651 2035 portae
673 1954 706 2014 et
728 1950 881 2014 memoria
903 1953 936 2014 et
963 1950 1041 2014 fides
1069 1951 1272 2036 continetur,
1307 1955 1401 2015 tamen
1474 1948 1475 1982 ¹

271 2064 380 2128 mirari
402 2063 489 2144 licet,
513 2061 595 2144 quod
619 2083 690 2125 cum
711 2060 834 2143 priores
856 2059 954 2124 Vrbis
977 2064 1179 2125 enarratores
1206 2062 1313 2126 Gnido
1334 2061 1405 2124 Pan·

274 2172 402 2238 eirollns
425 2175 458 2235 et
480 2170 579 2235 Olaus
602 2169 787 2234 Borrichins
810 2171 894 2254 apud
923 2170 1111 2254 Graeciam,
1139 2170 1261 2236 Lucius
1290 2171 1406 2236 Faunus

274 2285 307 2346 et
328 2282 428 2346 Iulius
445 2279 622 2345 Minutulns
645 2280 729 2363 apud
750 2279 973 2364 Sallengerum
995 2283 1029 2344 et
1049 2281 1187 2345 fortasse
1210 2282 1269 2346 alii
1291 2303 1407 2367 prorsus
1437 2303 1443 2310 ·
1478 2342 1479 2360 χ

274 2392 363 2456 illam
385 2391 513 2455 silentio
541 2390 842 2474 praetermiserunt,
872 2392 940 2453 tum
962 2411 1071 2454 eorum
1098 2391 1244 2475 quidam,
1278 2392 1333 2477 qui
1357 2390 1409 2454 hac
1479 2440 1480 2452 ,

275 2505 380 2566 aetate
409 2500 574 2564 Romanae
607 2500 810 2585 antiquitatis
843 2499 1018 2585 imaginem
1047 2499 1204 2585 singulmi
1232 2502 1342 2567 studio
1367 2522 1410 2564 er·
1480 2538 1481 2558 .

275 2615 471 2697 pressenmt,
493 2631 535 2674 ne
558 2610 655 2675 verbo
677 2611 815 2694 quidem,
840 2631 896 2674 cur
917 2610 1045 2676 illorum
1067 2611 1250 2694 exemplum
1267 2611 1331 2676 sibi
1353 2611 1412 2674 irni-

275 2721 409 2787 tandum
442 2722 669 2805 sumpsissent,
708 2720 944 2805 significarimt.
1000 2719 1061 2785 Sed
1093 2722 1130 2784 ut
1161 2721 1334 2786 mittamus
1366 2719 1412 2804 qui

276 2835 460 2897 tacuerrmt:
497 2835 571 2916 post
592 2831 638 2896 lo.
662 2829 846 2915 Baptistam
867 2830 960 2894 Pium
981 2829 1089 2894 Plauti
1111 2830 1345 2915 interpretem,
1368 2829 1414 2914 qni

276 2947 333 3008 aut
360 2965 377 3008 e
407 2947 526 3008 Naevio
557 2946 614 3005 ant
642 2941 720 3004 adeo
748 2962 766 3004 e
794 2945 917 3004 Maenia
944 2940 1081 3024 quadam
1114 2938 1190 3023 (huc
1218 2943 1309 3006 enim
1341 2941 1417 3004 valet

276 3053 360 3136 quod
375 3052 431 3116 illo
446 3052 575 3116 nolente
591 3072 776 3134 expressum
799 3053 848 3115 cst
869 3051 979 3130 mercia)
1004 3051 1185 3133 corruptam
1203 3057 1303 3117 Melia
1326 3051 1418 3133 scrip·

277 3165 384 3226 turam
416 3162 552 3245 putabat
578 3165 612 3224 ct
640 3182 712 3224 enm
741 3161 888 3224 columna
914 3159 1059 3241 Maenia,
1089 3165 1132 3223 cd
1157 3173 1250 3240 quant
1277 3165 1370 3238 sures
1396 3171 1419 3222 cl

278 3279 358 3336 servi
383 3293 511 3352 nequam
538 3293 558 3334 a
580 3276 710 3336 Illvirr's
736 3275 920 3350 capitalibus
945 3276 1051 3348 puniri
1070 3275 1162 3347 soliti,
1192 3274 1319 3336 temere
1342 3271 1420 3334 Mae-

279 3380 367 3444 niam
389 3385 514 3464 portam
537 3381 739 3463 conferebat,
770 3380 808 3444 de
835 3379 906 3463 ipsa
933 3379 1037 3442 forma
1065 3385 1159 3444 Melia
1187 3381 1335 3446 nominis
1364 3403 1422 3444 non

281 3491 347 3554 sere
374 3489 560 3569 ⁸dubitatum
593 3495 658 3572 est,
691 3490 754 3555 nisi
781 3490 863 3574 quod
886 3511 953 3552 non
974 3488 1056 3552 nulli
1080 3494 1209 3552 Mecium
1238 3491 1351 3574 potins
1379 3489 1422 3552 vel

283 3603 432 3664 dicacium
455 3600 550 3664 scribi
574 3600 756 3664 voluerunt:
784 3598 887 3684 qualis
911 3620 987 3662 sane
1010 3620 1076 3662 non
1097 3597 1251 3682 frequens
1276 3605 1346 3684 est,
1376 3599 1425 3663 scd

284 3713 436 3774 constans
464 3708 617 3773 librorum
647 3731 722 3774 mss.
753 3708 979 3792 discrepantia.
1025 3707 1109 3772 Nam
1138 3729 1211 3772 cum
1239 3732 1259 3772 a
1291 3709 1426 3792 Metio*)

282 3819 428 3904 Fnffetio,
451 3819 536 3883 Tulli
558 3818 689 3883 Hostilii
712 3819 847 3904 aequali,
874 3818 1046 3884 Servianae
1068 3821 1180 3902 portae
1202 3840 1329 3886 nomen
1352 3821 1428 3884 satis

351 4057 376 4125 ²)
389 4057 476 4110 immo
488 4055 616 4110 Mettio.
641 4054 701 4119 Quo
719 4057 847 4126 spectare
865 4055 983 4121 videtur,
1002 4055 1076 4124 quod
1093 4055 1213 4110 fortasse
1227 4055 1364 4114 Mettium
1383 4073 1430 4126 po·

283 4149 339 4204 tina
357 4165 441 4216 qnam
458 4149 573 4206 Mediam
591 4149 762 4218 appellatam
780 4167 840 4204 esse
859 4149 963 4204 Parcus
981 4147 1133 4202 adnotavit.
1172 4147 1249 4219 [Non
1267 4149 1330 4205 ullo
1350 4149 1433 4205 modo

285 4242 472 4296 reiectanea-m
490 4241 578 4296 videri
600 4243 706 4300 Metius
723 4243 841 4300 formam
864 4259 898 4296 ex
920 4242 959 4296 eis
975 4240 1154 4312 intellegetur
1172 4257 1244 4308 quae
1262 4243 1303 4296 ad
1325 4241 1432 4308 Quinti-

287 4333 393 4387 lianum
410 4349 499 4404 nuper
517 4334 698 4390 commentati
715 4352 810 4390 sumus
827 4333 916 4390 Musei
933 4335 1022 4389 Rben.
1040 4333 1060 4388 t.
1078 4333 1154 4387 XXII
1172 4351 1199 4403 p.
1220 4333 1296 4406 602]
