2996 5148
409 385 456 430 ma
479 383 598 432 roam
622 372 767 430 ‘nerra’
790 385 892 432 vaars
915 383 1046 431 nouas.
1235 369 1298 434 383

128 539 240 602 restat
267 538 357 622 quod
380 559 437 622 per
459 559 492 600 se
514 542 584 601 erat
606 537 889 620 suspectissimum.
935 537 1022 622 Ergo
1044 540 1212 621 postquam
1235 538 1297 602 ista

128 627 380 732 suppliciorum
413 652 506 730 porta
538 647 730 731 supplicium
752 648 822 730 ipsa
845 647 957 730 subiit,
991 647 1145 730 numquid
1175 647 1296 710 dubita-

129 760 245 822 bimus
287 759 439 824 funerare
462 759 558 821 etiam
591 757 783 821 funebrem?
826 757 871 820 Et
897 779 969 820 ecee
991 780 1116 821 rursum
1139 757 1201 842 ipsi
1222 758 1297 822 libri

128 869 263 932 adsunt
291 872 325 932 et
347 868 488 952 graviter
511 867 716 930 auxiliantur.
761 865 845 930 Nam
868 867 921 931 hie
944 889 1067 951 quoque
1091 873 1214 931 1111111111
1238 868 1296 932 soli

126 979 283 1043 debetur
307 977 484 1042 Saraceno:
507 979 542 1040 in
565 975 703 1040 editione
726 977 871 1061 principe
894 980 942 1040 est
965 985 1108 1060 uicinam,
1132 978 1166 1041 iu
1189 977 1296 1040 codiee

126 1089 288 1154 Etmseo
320 1095 473 1170 niernum,
508 1087 590 1170 quod
625 1087 659 1150 in
687 1099 829 1168 auctuum
852 1108 1039 1152 conversum
1061 1087 1138 1151 Pius
1170 1089 1297 1170 quidem

126 1197 424 1282 interpretabatur
457 1209 651 1278 raocluraom,
690 1197 830 1280 suscepit
861 1197 896 1260 in
930 1195 1116 1260 Brixianam
1148 1197 1294 1280 Pylades,
1316 1211 1342 1258 11

124 1331 261 1376 menum
281 1307 440 1392 Longolio
462 1307 612 1391 praebuit
627 1306 792 1370 Romanus
815 1306 923 1390 codex,
947 1307 1167 1372 Palatinarum
1190 1311 1296 1371 auteur

126 1419 330 1486 eommunis
364 1431 491 1483 metuam
518 1418 757 1500 scriptumest.
805 1415 847 1500 [Ε
870 1417 973 1480 tribus
995 1417 1297 1482 Vindobouensibus

124 1529 277 1596 «enotavi
302 1541 442 1606 metuam,
471 1535 596 1605 siluam,
622 1525 786 1612 aputeum]
831 1525 1007 1610 inquibus
1041 1528 1184 1612 vestigiis
1217 1529 1296 1591 satis

123 1643 286 1726 apparet
302 1639 495 1702 adiectivum
516 1638 626 1720 latere,
651 1635 735 1720 quod
757 1658 821 1699 uon
846 1640 894 1699 est
917 1659 972 1700 eur
988 1638 1026 1701 ad
1044 1641 1169 1721 portam
1191 1638 1297 1722 potius

122 1773 237 1836 quam
278 1749 321 1812 ad
345 1747 554 1813 Cleostratam
587 1769 717 1810 uxorem
750 1749 896 1828 spectare
918 1748 1118 1810 arbitremur.
1162 1746 1230 1810 Nec
1254 1749 1297 1810 vi-

121 1863 255 1942 detur,
295 1858 372 1942 quid
404 1861 498 1942 poeta
531 1857 711 1940 scripserit,
745 1856 842 1940 lange
875 1857 1056 1940 petendum.
1108 1857 1191 1920 Nam
1226 1880 1295 1921 cum

122 1975 302 2054 frequens
324 1967 442 2032 Planta
469 1968 547 2031 illud
574 1989 676 2051 genus
704 1967 746 2030 sit
772 1970 823 2049 ut,
848 1968 932 2050 quod
953 1967 1079 2031 iocandi
1102 1990 1213 2032 caussa
1234 1969 1296 2052 pri-

123 2103 230 2146 mum
263 2078 418 2162 ambigue
450 2099 587 2162 persona
610 2098 752 2161 quaeque
775 2075 914 2160 dixerat,
944 2077 1087 2141 subiecta
1108 2078 1296 2161 interpreta-

123 2194 233 2256 tione
258 2209 339 2251 mox
366 2188 452 2271 ipsa,
476 2210 572 2272 quam
594 2188 628 2250 in
651 2189 775 2271 partem
796 2187 902 2251 vedere
924 2188 1012 2270 velit,
1037 2187 1190 2251 declaret:
1223 2211 1297 2272 quo—

122 2303 234 2366 niam
260 2299 297 2361 in
322 2298 474 2382 anrbigua
496 2297 731 2381 aliquantulum
751 2297 882 2362 notione
904 2304 1060 2362 ardentem
1083 2301 1158 2362 aute
1179 2298 1300 2362 luserat

122 2410 324 2490 Chalinus,
348 2409 382 2471 in
397 2409 461 2471 fine
476 2429 596 2490 versae,
619 2429 661 2472 ne
683 2407 759 2490 quid
779 2406 829 2470 vel
846 2407 1024 2472 Cleostrata
1039 2409 1087 2472 vel
1104 2411 1298 2492 spectatores

122 2521 368 2599 haesitarent,
403 2517 564 2580 commode
594 2515 710 2580 addere
738 2529 919 2582 mortuum
942 2519 1056 2600 potuit.
1101 2518 1190 2592 Quod
1214 2518 1300 2582 velut

120 2635 178 2696 sie
208 2629 376 2711 seriptum
397 2613 526 2691 metuam
554 2627 708 2690 facillime
741 2627 775 2690 in
802 2640 929 2692 metuam
959 2629 1134 2692 transibat:
1168 2629 1209 2691 ab
1237 2628 1297 2690 hac

122 2741 232 2806 eninr
265 2736 397 2801 Veteris
432 2737 547 2801 codicis
580 2737 734 2800 memoria
765 2737 1029 2820 proficiscendum
1063 2743 1120 2802 est.
1166 2738 1298 2800 Plautus

122 2855 256 2914 autem
288 2851 445 2931 quantum
467 2846 514 2911 illi
536 2847 632 2929 mori,
665 2869 728 2930 quo
750 2849 964 2930 spectatorum
986 2847 1163 2911 intellectui
1187 2869 1298 2909 eonsu-

122 2961 245 3040 leret,
282 2956 453 3021 indulserit
485 2960 557 3040 (nec
580 2957 666 3021 enirn
689 2957 718 3019 ei
751 2957 947 3020 auscultasse
969 2957 1184 3020 Athenienses
1206 2977 1297 3038 repu-

122 3069 287 3134 tandum
310 3070 389 3149 est),
424 3067 570 3152 singulae
601 3066 731 3130 fabulae
753 3071 927 3150 testantur,
953 3067 1031 3130 adeo
1053 3069 1089 3128 ut
1110 3088 1170 3129 nec
1192 3065 1298 3128 desint

124 3201 244 3262 sane,
282 3199 364 3260 quae
397 3177 539 3260 paullum
565 3177 751 3262 langueant.
795 3177 978 3260 Eodemque
1000 3177 1164 3260 pertinent
1185 3175 1297 3238 Militis

122 3289 246 3354 verba
271 3287 313 3350 ab
335 3287 429 3350 initio
457 3287 564 3351 allata.
598 3287 685 3362 Quae
710 3309 780 3350 cum
803 3309 874 3352 non·
891 3287 931 3351 ad
958 3307 1105 3370 poenam,
1129 3309 1191 3371 qua
1214 3287 1297 3349 vitae

122 3399 348 3485 parceretur,
373 3397 575 3480 rettulerunt,
599 3397 654 3461 scd
678 3397 716 3460 ad
735 3397 926 3482 supplicium
949 3397 987 3461 de
1009 3399 1295 3482 capitesmuptum,

121 3514 165 3575 in
198 3530 318 3572 verum
341 3511 471 3592 praeter
491 3509 650 3572 rationem
672 3506 864 3572 incidenurt.
909 3507 976 3571 Noa
999 3508 1101 3592 enim,
1125 3512 1162 3573 ut
1182 3510 1229 3572 ita
1250 3509 1297 3571 in-

120 3623 379 3704 terpretemur,
416 3618 512 3682 codex
545 3619 672 3682 demum
694 3617 925 3682 Ambrosianus
960 3622 1087 3702 movet,
1126 3620 1214 3683 euius
1236 3617 1297 3680 fide

119 3730 323 3814 pristinam
345 3729 538 3812 scripturam
559 3728 644 3792 hane
666 3729 788 3812 pridem
814 3729 861 3810 [in
882 3730 1042 3812 prooemio
1057 3727 1176 3792 Indicis
1198 3725 1295 3790 schol.

117 3845 226 3906 aest.
253 3839 389 3904 Vratisl.
414 3861 442 3903 a.
470 3838 561 3927 1839]
587 3838 893 3903 commendavimus:

180 4017 292 4076 Credo
309 4019 365 4094 tgo
381 4017 460 4075 istoc
475 4017 609 4091 exemplo
632 4013 690 4074 tibi
713 4035 791 4075 csse
813 4015 1044 4090 pereundum
1068 4015 1152 4070 extra
1167 4013 1293 4086 portam,

180 4102 349 4178 Dispessis
371 4101 510 4160 manibus
526 4101 696 4175 patibulum
720 4120 786 4159 cum
807 4101 941 4160 habebis.

109 4285 229 4350 Nam
254 4283 393 4369 vulgata
415 4283 542 4367 quidem
565 4283 725 4367 scriptura
747 4287 800 4348 tibi
820 4305 882 4347 esse
903 4285 1033 4344 eandam
1055 4287 1188 4340 cretulam
1206 4288 1296 4341 entra

104 4409 269 4477 porram
290 4396 365 4480 plus
389 4395 535 4478 profecto
552 4394 715 4457 molestiae
738 4397 825 4457 creat
846 4413 940 4477 quam
958 4389 1157 4470 perspectum
1185 4391 1234 4452 est
1256 4391 1297 4453 ab
1337 4415 1340 4426 ⁴
