3284 5152
599 361 635 406 11.
666 359 863 408 ausaausa.
1242 345 1302 410 103

182 533 261 596 quam
280 533 355 595 opus
378 511 606 576 miserabiliter
633 511 842 595 depravatum
871 515 903 576 et
935 517 1119 598 corruptum
1147 512 1302 580 scelerato

181 622 245 706 fuit,
272 621 327 686 boc
355 621 500 705 profecto
527 622 593 687 fuit
614 625 680 706 opt.
705 625 738 686 et
759 623 982 706 praestantiae.
1006 623 1229 688 Plautinarum
1251 647 1302 690 co·

181 731 384 796 moediarum.’
436 737 481 816 (p.
512 733 565 818 17)
599 731 839 797 ‘Correctiones
873 737 980 798 autem
1015 734 1302 818 comprobaverunt

181 843 361 924 proverbium
382 845 475 906 vetus
498 845 530 906 et
551 843 651 926 ipsae,
675 843 848 906 multorum
863 843 1059 907 medicorum
1082 845 1301 910 curationibus

182 955 308 1036 aegrotos
329 953 506 1040 plerunque
529 953 628 1036 perdi.
675 951 754 1017 Cum
783 953 883 1037 igitru
910 952 1000 1017 illum
1021 952 1139 1018 librum
1160 957 1302 1020 veterem

182 1062 298 1146 prinum
319 1061 483 1146 vidissem,
508 1063 688 1128 incredibili
711 1061 829 1148 gaudio
852 1063 982 1128 affectus
1004 1064 1063 1146 fui,
1087 1065 1171 1148 quod
1192 1087 1300 1149 spere-

181 1194 237 1236 rem
264 1174 412 1238 beneficio
444 1173 538 1238 huius
571 1178 639 1238 tarn
671 1173 809 1258 turpiter
843 1173 1077 1238 contaminatas
1110 1178 1143 1240 et
1175 1175 1299 1240 mendis

182 1285 318 1348 scatentes
343 1284 469 1348 fabulas
497 1283 665 1348 Plautinas
693 1284 861 1368 repurgari
889 1287 985 1369 atque
1013 1285 1196 1368 integritati
1223 1307 1300 1350 suae

182 1393 286 1458 restitui
306 1415 406 1478 posse.
452 1394 532 1460 tum
561 1398 668 1458 autem
695 1394 815 1459 intueri
842 1395 933 1458 illum
962 1395 1134 1478 attentius,
1172 1399 1204 1460 et
1232 1416 1299 1460 rem

182 1525 273 1587 gerere
303 1505 481 1569 accuratius
510 1504 701 1589 coepissem,
732 1527 798 1569 non
820 1504 948 1588 quidem
970 1507 1007 1568 ut
1029 1505 1121 1569 aiunt
1143 1505 1299 1586 ἄνθρακες

181 1615 371 1699 ὸθηεαυρόε,
402 1616 458 1680 sed
484 1615 586 1678 multo
613 1618 699 1679 certe
722 1615 828 1679 minus
851 1638 947 1700 quam
970 1637 1229 1700 speraveramus,
1263 1617 1298 1682 in

181 1717 226 1788 illo
248 1724 322 1788 libro
348 1725 418 1810 opis
447 1729 480 1790 et
513 1726 623 1810 copiae
661 1725 847 1809 reperimus,
891 1723 1034 1789 Primum
1068 1725 1154 1789 enim
1186 1727 1297 1790 statim

181 1833 458 1919 depraehendimus,
493 1835 661 1900 librarium
688 1835 787 1900 fuisse
818 1835 1003 1918 imperitum
1029 1835 1211 1900 litterarum
1237 1835 1296 1901 La·
1315 1853 1364 1902 514

180 1944 439 2028 decumanum,
463 1948 500 2009 ut
522 1949 666 2029 apparet,
691 1967 729 2008 ex
750 1945 878 2009 illorum
899 1965 1027 2030 genere,
1051 1945 1106 2028 qui
1129 1945 1163 2009 in
1186 1967 1297 2010 coeno·

181 2052 230 2117 biis
244 2057 280 2118 ad
294 2056 368 2120 alias
391 2055 519 2140 quasvis
542 2056 768 2140 occupationes
791 2055 958 2120 resedere
981 2055 1141 2139 quondam
1165 2077 1296 2121 consue-

181 2163 296 2248 vissent,
332 2189 426 2250 quarn
463 2165 648 2230 incumbere
676 2164 781 2230 studio
809 2166 966 2230 bonarum
993 2165 1173 2230 litterarum
1200 2171 1296 2253 atque
1311 2169 1324 2190 '

179 2274 293 2339 nsum:
325 2281 453 2342 rectene
481 2299 523 2340 an
551 2297 658 2359 secus,
688 2298 775 2340 nunc
802 2297 868 2340 non
897 2297 1057 2362 quaeram.
1103 2275 1164 2342 Sed
1191 2299 1296 2362 neque

178 2382 278 2450 librum
309 2388 504 2468 ἀρχέτυπον,
541 2386 625 2450 unde
658 2386 711 2450 hic
743 2386 921 2469 descriptus
956 2386 1035 2468 fuit,
1069 2387 1234 2472 integrum
1263 2390 1297 2452 et

178 2496 358 2562 emendatum
380 2497 498 2582 ubique
521 2497 632 2580 fuisse,
655 2496 750 2560 facile
772 2497 879 2580 potuit
901 2497 1143 2560 animadverti.'
1177 2495 1216 2562 ln
1238 2497 1295 2563 der

178 2605 281 2670 andern
303 2608 433 2692 (neuen)
456 2606 597 2671 Vorrede
626 2607 703 2670 aber
730 2606 831 2670 heisst
859 2627 892 2670 es
919 2629 950 2690 p.
977 2607 1031 2670 11:
1069 2607 1295 2674 ‘Adminieula

176 2717 311 2796 quaedam
331 2717 499 2783 habuimus
515 2717 648 2781 duorum
662 2717 826 2794 librorum,
851 2719 995 2780 veterum
1011 2715 1138 2800 quidem
1153 2716 1292 2802 illorum,

176 2823 220 2887 sed
244 2847 315 2910 quos
339 2826 543 2892 librariorum
571 2827 700 2891 inscitia
731 2830 764 2890 et
791 2826 930 2890 futilitas
956 2825 1049 2890 foede
1077 2827 1293 2910 depravasset.

176 2931 281 3001 Honun
307 2938 440 3002 alterum
466 2938 556 3002 nacti
584 2937 704 3005 fuimus
727 2937 765 3001 de
788 2935 983 3001 bibliotheca
1005 2937 1201 3019 praestantis
1223 2935 1293 3022 dig-

174 3043 261 3110 nitate
283 3051 312 3112 et
332 3049 479 3112 doctrina
500 3048 559 3110 riri
583 3047 652 3111 Viti
674 3046 813 3111 Werleri
836 3047 969 3126 Franci,
994 3045 1044 3108 cui
1066 3044 1218 3130 pleraque
1240 3045 1292 3110 de·

174 3151 268 3220 bemus
289 3179 392 3222 eorum
414 3180 495 3242 quae
519 3180 537 3221 a
560 3158 651 3221 nobis
676 3157 808 3221 fuerunt
831 3158 984 3221 correcta.
1030 3153 1163 3240 Georgii
1185 3158 1292 3220 autem

174 3261 295 3331 Fabricii
316 3268 433 3332 candor
455 3267 589 3332 eximius
612 3272 645 3332 et
667 3249 891 3332 benevolentia
914 3286 1037 3329 summa
1060 3286 1138 3350 erga
1159 3287 1229 3349 nos,
1253 3266 1292 3330 de

172 3371 332 3442 incredibili
360 3377 469 3443 studio
502 3377 688 3463 diligentiae
723 3400 814 3460 suae,
852 3374 1099 3440 communicavit
1124 3375 1292 3442 nobiscum

171 3505 259 3568 nuper
278 3509 366 3552 suum
388 3509 513 3573 quoque
539 3487 656 3552 librum
662 3538 671 3572 ,
705 3488 740 3550 in
768 3509 862 3570 quem
892 3489 1112 3571 congesserat,
1141 3486 1292 3573 quicquid

170 3597 334 3680 perquirere
360 3597 498 3684 legendo
519 3599 639 3682 potuit,
673 3597 757 3681 quod
787 3597 828 3660 ad
855 3595 1080 3660 Plautinarum
1108 3597 1291 3662 fabularum

170 3705 225 3768 tam
244 3709 498 3774 emendationem
519 3731 614 3793 quam
637 3707 883 3792 explicationem
912 3705 1032 3790 aliquid
1058 3707 1212 3772 momenti
1234 3708 1290 3772 ha-

169 3811 255 3881 beret.
285 3817 418 3884 Caetera
440 3823 516 3883 sunt
539 3817 802 3883 considerationis
825 3820 973 3909 etpcurae
989 3839 1026 3880 ac
1042 3816 1139 3882 studii
1161 3818 1288 3882 nostri?

169 3921 258 3990 l'nter
278 3927 351 3994 dem
371 3929 471 3994 ‘liber
485 3929 525 3994 G.
542 3929 697 3994 Fabricii’
720 3928 810 3992 kann
827 3925 1012 4011 unmbglich
1035 3929 1133 3992 etwas
1156 3927 1290 3990 anderes

169 4033 207 4098 uls
227 4037 276 4102 ein
297 4040 488 4124 gedrucktes
510 4038 770 4123 Handexemplar
797 4039 851 4102 des
877 4036 1015 4102 letztern
1042 4035 1186 4121 gemeint
1207 4034 1287 4098 sein.

169 4141 297 4232 l'olglieb
320 4149 517 4214 beschrdnkt
538 4149 607 4214 sich
630 4149 829 4214 Camerarius
852 4147 969 4210 darauf
975 4196 984 4228 ,
1014 4168 1075 4212 von
1098 4144 1154 4208 der
1177 4144 1289 4210 besten

168 4254 259 4321 seiner
278 4259 392 4324 beiden
407 4259 663 4324 Handschriften
685 4260 755 4322 eine
778 4258 898 4322 uthere
920 4255 1016 4320 Notiz
1032 4277 1071 4318 zu
1087 4254 1203 4340 geben,
1225 4275 1289 4320 von

169 4361 215 4430 der
233 4369 365 4436 aweiten
387 4371 464 4435 aber
486 4391 544 4456 gar
559 4369 666 4436 nichts
682 4369 793 4434 weiter
808 4388 847 4429 zu
863 4385 974 4452 sagon.
1008 4363 1143 4428 Kainem
1159 4363 1289 4432 Zweifcl
