3002 5146
286 305 350 366 240
627 319 849 368 unosssarvn
872 319 1084 368 ιιιιιιιιιιι.

286 475 319 534 et
341 471 553 536 Cistellariam
576 473 729 536 tractavit
751 473 908 557 integras
954 473 1005 536 Ad
1028 472 1212 555 deperditas
1235 473 1317 535 anim
1336 491 1401 534 scae-
1482 493 1483 496 ¹

285 603 344 646 nas
367 580 612 663 Amphitruonis
634 588 822 646 clandestino
845 585 987 666 spectat,
1023 583 1063 645 ad
1085 581 1287 646 Cistellariae
1317 581 1404 664 deper-
1482 585 1483 632 ἐ

286 691 370 755 ditas
393 712 503 754 omncs
524 695 592 755 tres
614 713 695 775 quae
717 692 752 755 in
774 691 966 776 glossarium
980 691 1183 755 transierunt
1198 713 1290 755 voces
1305 695 1406 754 nudus·
1482 711 1483 732 ι

285 813 388 866 sextus
402 809 569 888 summatim
585 807 762 880 tentpmter.
792 800 835 864 Et
851 800 1064 865 Cistellariam
1078 799 1217 885 quidem,
1242 823 1279 864 ac
1294 799 1408 863 fortasse
1482 827 1483 870 ι

286 910 572 994 Amphitruonem,
611 911 671 974 etsi
699 910 884 974 Priscianus
916 931 1040 994 quoque
1072 910 1219 994 integras
1253 909 1409 992 usurpavit,
1482 959 1483 980 ,

287 1023 395 1085 tamen
419 1020 618 1084 Aululariam
652 1025 684 1084 et
707 1019 892 1083 Bacchides·
915 1020 1000 1083 idern
1034 1019 1165 1082 mutilas
1198 1022 1235 1083 ut
1256 1041 1313 1082 nos
1333 1017 1410 1081 hodie

287 1129 415 1194 habuit:
448 1130 531 1214 quod
554 1151 657 1214 genus
679 1151 783 1214 nuper
805 1129 986 1194 accuratius
1008 1129 1169 1213 persecuti
1193 1151 1302 1192 sumus
1325 1127 1412 1191 Musei
1482 1193 1483 1240 3

287 1239 392 1303 Rhen.
415 1241 490 1304 novi
512 1245 537 1303 t.
552 1238 600 1303 IV
621 1261 656 1322 p.-
677 1239 739 1304 568
764 1261 833 1322 sqq.
859 1239 956 1323 [infra
978 1239 1063 1303 Diss.
1088 1238 1159 1327 Vq.
1204 1239 1255 1302 Ex
1279 1237 1413 1322 quoesi-

289 1350 371 1413 citur
394 1349 573 1433 antiquiore
595 1371 691 1432 quam
707 1348 892 1412 Prisciunea
914 1353 1021 1412 aetate
1037 1347 1143 1412 Plaut
1119 1351 1224 1412 tmum
1239 1347 1415 1432 glossarium

289 1459 506 1543 conscriptum
529 1481 607 1523 esse.

374 1570 481 1653 Atque
514 1590 601 1632 nunc
634 1568 760 1632 demum
782 1568 893 1632 licebit
915 1568 986 1631 ad
976 1590 1081 1652 rpsam
1104 1568 1343 1634 enarrationem
1362 1566 1416 1630 sin-

289 1678 437 1763 gularum
465 1678 646 1762 glossarum
669 1676 835 1761 accedere,
870 1699 933 1762 qua
955 1699 1120 1760 speramus
1142 1677 1211 1741 fore
1234 1681 1272 1742 ut
1294 1676 1418 1760 aliquam

288 1788 398 1852 multis
430 1789 575 1852 versibus
612 1787 773 1852 Plautinis
806 1787 1007 1872 aliquantum
1039 1787 1090 1849 vel
1121 1787 1202 1851 lucis
1235 1788 1288 1851 vel
1320 1785 1404 1852 salut
1398 1807 1419 1848 rs

289 1899 450 1961 afferatur.
496 1895 557 1962 Sed
580 1897 666 1962 hanc
687 1919 802 1981 operae
825 1900 954 1960 nostrae
976 1905 1101 1980 partem
1125 1917 1195 1960 cum
1218 1919 1287 1962 uon
1304 1899 1420 1981 capiant
1482 1867 1483 1950 l

270 2007 348 2106 ¹hae
369 2007 528 2091 pagellae,
554 2007 793 2071 ctuahimusut
779 2007 897 2091 tquod
919 2010 1021 2070 restat
1042 2005 1188 2090 proxima
1210 2004 1419 2090 prooemiaudi

288 2121 321 2181 et
354 2139 410 2182 vos
443 2117 653 2200 compellandi
687 2117 929 2200 opportunitate
965 2115 1129 2180 vobiscum
1166 2118 1421 2181 communicetur.
1482 2103 1483 2173 l

290 2227 338 2309 [Id
371 2227 538 2308 consilium
567 2227 721 2310 quoniam.
750 2229 820 2290 tum
842 2226 984 2290 muneris
1006 2225 1181 2290 academici
1204 2227 1423 2312 occupationes

288 2340 549 2420 praeverterant,
585 2358 672 2400 nunc
705 2359 774 2400 eam
808 2341 933 2420 partem
966 2335 1149 2418 putavimus
1178 2357 1218 2400 ex
1241 2334 1424 2402 adversariis
1482 2343 1483 2348 ’

288 2447 423 2529 nostris,
457 2447 492 2510 in
521 2447 636 2529 quibus
658 2446 715 2509 illa
736 2467 795 2529 per
816 2449 967 2530 quattuor
989 2444 1162 2509 lustrorum
1185 2445 1426 2511 diuturnitatem

289 2556 431 2638 delituit,
454 2555 663 2639 promendam
686 2578 783 2639 eoque
806 2556 888 2639 quod
912 2555 1115 2638 subsequitur
1137 2557 1286 2620 auctario
1315 2557 1426 2640 quanta

288 2666 356 2729 fieri
390 2666 548 2730 brevitate
570 2666 674 2750 potuit
696 2664 946 2749 exsequendam:
981 2667 1113 2729 mutatis
1141 2667 1255 2730 tamen
1280 2665 1428 2730 additisve

289 2797 372 2858 quae
404 2779 478 2858 post
511 2779 560 2838 tot
592 2797 749 2838 annorum
782 2775 921 2858 spatium
943 2797 1011 2838 esse
1033 2785 1102 2838 mut
1089 2776 1188 2839 tanda
1212 2776 1267 2840 vel
1291 2773 1428 2840 addenda

290 2884 516 2949 intelleximus
573 2883 674 2970 Simul
708 2895 814 2948 autem
845 2884 921 2948 hinc
950 2885 1078 2948 veniam
1100 2889 1251 2968 paratam
1276 2887 1348 2950 fore
1369 2905 1430 2968 spe·
1482 2885 1483 2930 t

288 3016 406 3077 ramus,
430 2996 457 3058 si
480 2994 644 3078 quidt
579 2994 662 3058 forte
686 3016 805 3076 eorum,
829 3016 910 3078 quae
932 3016 970 3058 ex
993 2993 1048 3058 illo
1070 2999 1214 3077 tempore
1229 2996 1361 3061 utiliter
1375 2993 1431 3058 dis·

287 3107 401 3187 putata
423 3107 500 3168 sunt
522 3105 562 3168 ab
586 3104 667 3186 aliis,
691 3105 796 3168 studia
819 3107 929 3167 nostra
950 3103 1081 3188 fugerit.
1126 3103 1338 3189 Quamquam
1360 2957 1483 3168 suntA

288 3215 385 3276 etiam
407 3237 488 3297 quae
511 3213 615 3278 sciens
637 3213 834 3299 neglexerim
855 3213 905 3277 vel
928 3213 1056 3277 silentio
1078 3215 1334 3300 praeterierim]

757 3489 958 3501 ἡ--Δ--ι-Ι

674 3693 1038 3770 Auctarium.

375 3875 508 3968 [Turbat
510 3899 563 3942 um
594 3878 629 3943 in
662 3879 752 3944 libris
785 3878 973 3964 glossarii'
964 3879 1026 3942 mit
1026 3878 1091 3942 ium
1124 3877 1184 3942 hoc
1213 3880 1301 3944 olim
1332 3881 1438 3946 ordine

287 3989 385 4054 fuisse
409 3990 523 4053 videri:
551 3995 587 4052 In
612 3995 820 4070 Amphitrione
844 4036 979 4052 .....
1003 3993 1040 4052 In
1063 3995 1231 4052 Asinaria:
1270 3997 1436 4058 blanditer.

288 4108 444 4178 tantisper.
467 4105 633 4179 paulisper,
657 4122 753 4184 supra
775 4099 991 4182 significatum
1014 4101 1073 4162 est

375 4213 627 4288 lpaulispcr:
667 4207 897 4289 AsinariaeV,
932 4209 968 4290 2,
992 4207 1034 4271 30
1056 4207 1133 4292 (880
1155 4212 1307 4294 exempli
1332 4211 1438 4276 blech·

289 4317 458 4404 eiseniani)
479 4321 638 4399 paulisper
658 4339 755 4382 mune
