2996 5148
264 336 328 399 410
573 349 619 395 na
643 347 857 396 naevuuu'ro
881 347 1101 398 aeuosrrcuo

263 504 390 568 demum
416 501 622 588 repetendam
649 473 718 566 esse
740 503 875 585 apparet
896 501 1062 586 vulgatam
1090 523 1177 567 suam
1203 503 1395 587 scripturam,

264 614 352 678 cuius
380 612 444 677 iam
476 633 573 696 supra
601 611 722 676 mentio
749 611 858 676 fiebat.
909 610 1022 696 Itaque
1050 614 1087 675 ut
1119 613 1259 676 breviter
1285 612 1397 677 dicam:

205 775 213 784 .
262 723 414 809 qnoniam
434 722 593 807 bisyllaba
614 743 690 786 voce
718 743 798 805 opus
819 720 974 786 habemus
995 723 1030 786 in
1059 725 1159 806 sexto,
1188 723 1399 808 monosyllaba

263 862 370 925 autem
397 860 433 924 in
461 859 596 943 septimo
624 879 732 922 versu:
761 861 929 941 utramque
961 861 1111 941 putamus
1133 859 1168 922 in
1198 880 1295 923 unam
1316 867 1401 948 scien

263 970 409 1054 formam,
433 971 602 1054 postquam
624 968 735 1032 turbae
755 967 818 1032 huc
832 969 1030 1051 invaserunt,
1055 969 1220 1052 coaluisse,
1244 971 1340 1054 atque
1360 969 1401 1034 sio

264 1081 399 1165 scriptos
421 1080 479 1145 hos
503 1101 575 1144 eum
597 1073 759 1164 sup‘eriore
781 1100 890 1143 versus
916 1077 992 1142 olim
1015 1079 1194 1144 exstitisse:

370 1259 457 1298 suum
479 1239 601 1298 arcessit
624 1257 751 1297 servos
774 1237 961 1296 deminum
983 1236 1121 1312 Athenis,
1145 1241 1176 1297 et
1198 1239 1279 1297 forat

370 1325 497 1400 geminis
520 1342 706 1382 communem
729 1325 822 1381 scite
843 1321 989 1397 parietem
1002 1321 1149 1396 nedibus,

370 1410 473 1468 liceret
494 1412 529 1467 ut
551 1409 645 1467 elam
667 1407 823 1468 convenire
846 1405 1028 1466 amantibus.

350 1565 514 1651 Pergimus
546 1563 585 1629 ad
619 1569 813 1630 obhaerentes
834 1583 927 1627 versu
948 1562 968 1628 8
991 1566 1147 1628 amantes.
1192 1563 1303 1649 Atque
1325 1569 1405 1628 mne-

263 1683 357 1743 rentts
384 1675 508 1741 codices
536 1673 689 1740 exhibent
715 1695 840 1757 omnes,
868 1679 1038 1762 obterenn's
1058 1673 1211 1759 princeps
1240 1675 1356 1740 editio:
1378 1675 1409 1738 in

264 1789 352 1853 euius
375 1787 480 1852 locum
494 1793 659 1880 osculantis
674 1783 873 1850 Camerarius
896 1783 1063 1848 substituit
1085 1784 1215 1869 eiusque
1240 1785 1409 1850 commenti

263 1897 444 1962 laudatores
466 1896 657 1962 Lambinum
679 1895 987 1979 Taubmannnmque
1019 1893 1159 1959 invenit:
1198 1895 1296 1960 oredo
1333 1897 1411 1980 quod

264 2009 366 2072 tribus
394 2007 454 2071 boc
482 2007 612 2093 syllabis
641 2007 745 2071 efferri
766 2027 859 2091 posse
886 2005 948 2070 sibi
970 2009 1205 2090 persuaserant.
1254 2005 1341 2082 Quid
1362 2029 1411 2070 au·

264 2117 355 2183 tem?
381 2118 463 2203 quod
486 2117 626 2183 Vltimus
653 2116 706 2182 ille
741 2116 835 2180 solita
865 2115 997 2202 ignavia
1026 2119 1188 2180 servatam
1216 2121 1414 2182 obhaerentes

266 2231 298 2294 et
325 2235 536 2309 amplectentes
563 2249 595 2293 se
622 2235 747 2293 invicem
775 2226 967 2310 explicatum
992 2229 1099 2311 (quam
1121 2227 1252 2311 quidem
1277 2227 1414 2312 explica-

265 2339 386 2404 tionem
409 2338 485 2404 Pius
507 2339 706 2422 praeiverat:
730 2344 871 2416 adhaese,
891 2345 1020 2419 pressim
1042 2349 1072 2401 et
1094 2344 1316 2417 adptntinatr'm
1340 2361 1414 2404 eom·

263 2453 381 2532 plexos)
404 2450 450 2514 sia
472 2449 595 2514 scilieet
617 2447 787 2513 conciliare
816 2469 887 2512 eum
910 2469 1114 2512 numerorum
1142 2449 1330 2514 rationibus
1353 2471 1416 2514 uon
1496 2429 1497 2504 l

267 2560 406 2626 erubuit:

371 2703 566 2762 cohaerentes
589 2703 688 2761 oustds
709 2701 764 2759 hos
786 2699 869 2759 videt
890 2699 926 2758 dc
949 2699 1070 2776 tegulis.

265 2833 437 2900 Mirificum
458 2832 566 2898 berele
588 2832 756 2897 inventum
778 2853 815 2896 ae
838 2831 971 2915 dignum
993 2849 1055 2914 quo
1081 2829 1185 2895 lexiea
1207 2853 1354 2918 propere
1376 2835 1419 2898 l'o·

266 2944 484 3030 cupletentur,
521 2964 601 3027 quae
636 2942 695 3006 etsi
723 2947 930 3008 obhaerentem
959 2948 990 3006 r'n
1018 2947 1115 3006 medio
1145 2949 1277 3020 amatae
1311 2965 1418 3025 equam

265 3057 395 3139 norunt,
420 3055 470 3121 vel
491 3075 594 3119 navem
618 3059 706 3130 vado,
731 3059 876 3117 laciniam
899 3059 1096 3129 consaroentr'
1115 3055 1349 3138 obhaerentem,
1373 3059 1419 3118 ta·

266 3187 340 3230 men
367 3170 561 3230 obhaerentes
589 3175 739 3246 amantes,
763 3161 879 3226 omisso
902 3160 980 3226 adeo
1001 3166 1058 3227 siti
1077 3163 1283 3258 pronomine,
1315 3165 1419 3230 adhue

266 3275 467 3360 ignorarunt.
513 3274 575 3340 Sed
598 3277 707 3340 tamen
732 3309 768 3321 -
792 3272 900 3337 taedet
923 3271 1009 3336 enim
1030 3272 1090 3336 hoc
1112 3273 1264 3358 persequi
1288 3275 1421 3362 lougius

266 3384 415 3449 -hand
442 3385 508 3449 seio
537 3408 578 3450 an
605 3406 647 3450 ne
675 3390 840 3450 adhaerens
866 3395 965 3448 enatos
992 3382 1135 3467 quidem,
1165 3404 1264 3466 quem
1296 3391 1422 3451 susten·

267 3494 359 3558 tandi
379 3515 488 3558 versus
512 3517 624 3559 caussa
646 3494 892 3578 haudquaquam
912 3493 1022 3576 inepte
1039 3492 1176 3557 Bothius
1199 3493 1349 3580 induxit,
1373 3501 1422 3560 sat

269 3604 430 3670 oommode
452 3605 631 3690 usitateque
653 3604 787 3668 dicatur.
820 3603 869 3667 Eo
892 3603 978 3668 enim
993 3623 1068 3668 voce
1090 3605 1127 3666 ut
1147 3601 1294 3670 infestae
1320 3607 1421 3672 euius·

268 3716 341 3780 dam
364 3715 526 3780 custodiae
552 3715 731 3799 pertinacia
753 3713 941 3797 declaretur,
972 3719 1007 3778 ob
1028 3713 1226 3798 praepositio
1249 3719 1369 3780 autem
1389 3717 1423 3782 in

267 3827 401 3892 eandem
423 3829 549 3912 partem
563 3829 658 3909 atque
681 3829 830 3891 occubere
852 3824 966 3907 valeat,
991 3821 1074 3908 quod
1095 3822 1157 3888 hae
1172 3823 1425 3908 significatione

276 4001 475 4009 ——ss-

267 4097 441 4166 Argumenta
459 4114 514 4151 non
532 4093 587 4150 sint
605 4112 667 4149 eum
684 4094 832 4150 Vrsiniano
850 4093 898 4148 illo
918 4095 1036 4160 conlata,
1053 4093 1133 4147 huius
1151 4109 1169 4148 a
1186 4093 1354 4154 Decurtato
1374 4099 1426 4152 dis·

268 4189 440 4260 erepentium
460 4190 535 4244 iutra
556 4188 649 4258 posui:
719 4207 744 4243 v.
764 4196 780 4242 3
802 4192 894 4257 ipsias
916 4189 981 4243 anto
1003 4203 1130 4242 rasuram
1203 4201 1349 4260 capsam,
1379 4193 1427 4248 sed

268 4285 369 4352 quarta
390 4283 486 4340 littera
508 4299 523 4337 e
546 4284 705 4337 correctura
726 4281 833 4351 primae
856 4298 967 4350 manum
993 4287 1106 4350 captust
1123 4296 1194 4349 mrg.
1215 4298 1252 4333 m.
1275 4300 1337 4338 seu
1411 4292 1425 4338 8

268 4381 341 4436 ntea
410 4383 440 4432 12
459 4379 556 4446 capiat
574 4393 650 4433 anaor·
720 4381 751 4430 1³
769 4376 872 4432 babeat
942 4374 1381 4448 mammoneamque]
